Symbol,Price,Quantity,EventTimeUtc,ReceiveTimeUtc,IsBuyerMaker
BTCUSDT,91236.44000000,0.43663000,2025-04-22T15:21:47.4770000Z,2025-04-22T15:21:46.3030384Z,True
BTCUSDT,91236.44000000,0.01500000,2025-04-22T15:21:47.4800000Z,2025-04-22T15:21:46.3609667Z,True
BTCUSDT,91236.44000000,0.09028000,2025-04-22T15:21:47.4810000Z,2025-04-22T15:21:46.3647729Z,True
BTCUSDT,91236.44000000,0.01500000,2025-04-22T15:21:47.4810000Z,2025-04-22T15:21:46.3672435Z,True
BTCUSDT,91236.44000000,0.02100000,2025-04-22T15:21:47.4810000Z,2025-04-22T15:21:46.3695025Z,True
BTCUSDT,91236.44000000,0.05047000,2025-04-22T15:21:47.4810000Z,2025-04-22T15:21:46.3722405Z,True
BTCUSDT,91236.44000000,0.00025000,2025-04-22T15:21:47.4810000Z,2025-04-22T15:21:46.3753766Z,True
BTCUSDT,91236.44000000,0.00025000,2025-04-22T15:21:47.4810000Z,2025-04-22T15:21:46.3809543Z,True
BTCUSDT,91236.44000000,0.00164000,2025-04-22T15:21:47.4810000Z,2025-04-22T15:21:46.3840912Z,True
BTCUSDT,91236.44000000,0.00010000,2025-04-22T15:21:47.4810000Z,2025-04-22T15:21:46.3865016Z,True
BTCUSDT,91236.44000000,0.05430000,2025-04-22T15:21:47.4810000Z,2025-04-22T15:21:46.3891161Z,True
BTCUSDT,91236.44000000,0.00045000,2025-04-22T15:21:47.4810000Z,2025-04-22T15:21:46.3916209Z,True
BTCUSDT,91236.44000000,0.00024000,2025-04-22T15:21:47.4810000Z,2025-04-22T15:21:46.3940585Z,True
BTCUSDT,91236.44000000,0.00028000,2025-04-22T15:21:47.4810000Z,2025-04-22T15:21:46.3964452Z,True
BTCUSDT,91236.44000000,0.00260000,2025-04-22T15:21:47.4810000Z,2025-04-22T15:21:46.3988084Z,True
BTCUSDT,91236.44000000,0.04162000,2025-04-22T15:21:47.4810000Z,2025-04-22T15:21:46.4016313Z,True
BTCUSDT,91236.44000000,0.00010000,2025-04-22T15:21:47.4810000Z,2025-04-22T15:21:46.4043335Z,True
BTCUSDT,91236.44000000,0.00032000,2025-04-22T15:21:47.4810000Z,2025-04-22T15:21:46.4068205Z,True
BTCUSDT,91236.44000000,0.00010000,2025-04-22T15:21:47.4810000Z,2025-04-22T15:21:46.4095234Z,True
BTCUSDT,91236.44000000,0.00010000,2025-04-22T15:21:47.4810000Z,2025-04-22T15:21:46.4117605Z,True
BTCUSDT,91236.44000000,0.04162000,2025-04-22T15:21:47.4810000Z,2025-04-22T15:21:46.4139600Z,True
BTCUSDT,91236.44000000,0.04162000,2025-04-22T15:21:47.4810000Z,2025-04-22T15:21:46.4161764Z,True
BTCUSDT,91236.44000000,0.03742000,2025-04-22T15:21:47.4810000Z,2025-04-22T15:21:46.4183643Z,True
BTCUSDT,91236.43000000,0.00050000,2025-04-22T15:21:47.4810000Z,2025-04-22T15:21:46.4206985Z,True
BTCUSDT,91236.43000000,0.00065000,2025-04-22T15:21:47.4810000Z,2025-04-22T15:21:46.4231943Z,True
BTCUSDT,91236.42000000,0.00006000,2025-04-22T15:21:47.4810000Z,2025-04-22T15:21:46.4254991Z,True
BTCUSDT,91236.42000000,0.00006000,2025-04-22T15:21:47.4810000Z,2025-04-22T15:21:46.4277459Z,True
BTCUSDT,91236.42000000,0.00007000,2025-04-22T15:21:47.4810000Z,2025-04-22T15:21:46.4299083Z,True
BTCUSDT,91236.42000000,0.00006000,2025-04-22T15:21:47.4810000Z,2025-04-22T15:21:46.4322343Z,True
BTCUSDT,91236.41000000,0.01280000,2025-04-22T15:21:47.4810000Z,2025-04-22T15:21:46.4349944Z,True
BTCUSDT,91235.66000000,0.00013000,2025-04-22T15:21:47.4810000Z,2025-04-22T15:21:46.4372715Z,True
BTCUSDT,91235.61000000,0.00006000,2025-04-22T15:21:47.4830000Z,2025-04-22T15:21:46.4394933Z,True
BTCUSDT,91235.61000000,0.00010000,2025-04-22T15:21:47.4830000Z,2025-04-22T15:21:46.4416943Z,True
BTCUSDT,91234.70000000,0.00007000,2025-04-22T15:21:47.4830000Z,2025-04-22T15:21:46.4438752Z,True
BTCUSDT,91234.01000000,0.00065000,2025-04-22T15:21:47.4830000Z,2025-04-22T15:21:46.4460088Z,True
BTCUSDT,91234.01000000,0.00065000,2025-04-22T15:21:47.4830000Z,2025-04-22T15:21:46.4481859Z,True
BTCUSDT,91233.79000000,0.00006000,2025-04-22T15:21:47.4830000Z,2025-04-22T15:21:46.4505658Z,True
BTCUSDT,91232.81000000,0.00006000,2025-04-22T15:21:47.4880000Z,2025-04-22T15:21:46.5747818Z,True
BTCUSDT,91232.81000000,0.00006000,2025-04-22T15:21:47.4880000Z,2025-04-22T15:21:46.5791343Z,True
BTCUSDT,91232.81000000,0.00010000,2025-04-22T15:21:47.4880000Z,2025-04-22T15:21:46.5841506Z,True
BTCUSDT,91232.81000000,0.00010000,2025-04-22T15:21:47.4880000Z,2025-04-22T15:21:46.5871882Z,True
BTCUSDT,91232.81000000,0.00010000,2025-04-22T15:21:47.4880000Z,2025-04-22T15:21:46.5904821Z,True
BTCUSDT,91232.81000000,0.00018000,2025-04-22T15:21:47.4880000Z,2025-04-22T15:21:46.5935454Z,True
BTCUSDT,91232.81000000,0.00006000,2025-04-22T15:21:47.4880000Z,2025-04-22T15:21:46.5962390Z,True
BTCUSDT,91232.81000000,0.00055000,2025-04-22T15:21:47.4880000Z,2025-04-22T15:21:46.5992137Z,True
BTCUSDT,91232.81000000,0.00006000,2025-04-22T15:21:47.4880000Z,2025-04-22T15:21:46.6019098Z,True
BTCUSDT,91232.81000000,0.00006000,2025-04-22T15:21:47.4880000Z,2025-04-22T15:21:46.6048664Z,True
BTCUSDT,91232.81000000,0.00006000,2025-04-22T15:21:47.4880000Z,2025-04-22T15:21:46.6079484Z,True
BTCUSDT,91232.49000000,0.00202000,2025-04-22T15:21:47.4880000Z,2025-04-22T15:21:46.6108433Z,True
BTCUSDT,91231.98000000,0.00006000,2025-04-22T15:21:47.4880000Z,2025-04-22T15:21:46.6132028Z,True
BTCUSDT,91231.87000000,0.00024000,2025-04-22T15:21:47.4880000Z,2025-04-22T15:21:46.6154203Z,True
BTCUSDT,91231.07000000,0.00006000,2025-04-22T15:21:47.4880000Z,2025-04-22T15:21:46.6175998Z,True
BTCUSDT,91229.01000000,0.00006000,2025-04-22T15:21:47.4880000Z,2025-04-22T15:21:46.6199073Z,True
BTCUSDT,91229.01000000,0.00006000,2025-04-22T15:21:47.4880000Z,2025-04-22T15:21:46.6221221Z,True
BTCUSDT,91229.01000000,0.00006000,2025-04-22T15:21:47.4880000Z,2025-04-22T15:21:46.6247161Z,True
BTCUSDT,91229.00000000,0.00006000,2025-04-22T15:21:47.4880000Z,2025-04-22T15:21:46.6272284Z,True
BTCUSDT,91229.00000000,0.00006000,2025-04-22T15:21:47.4880000Z,2025-04-22T15:21:46.6300564Z,True
BTCUSDT,91229.00000000,0.00006000,2025-04-22T15:21:47.4880000Z,2025-04-22T15:21:46.6324194Z,True
BTCUSDT,91228.99000000,0.00006000,2025-04-22T15:21:47.4880000Z,2025-04-22T15:21:46.6399554Z,True
BTCUSDT,91228.99000000,0.00006000,2025-04-22T15:21:47.4880000Z,2025-04-22T15:21:46.6422421Z,True
BTCUSDT,91228.99000000,0.00006000,2025-04-22T15:21:47.4880000Z,2025-04-22T15:21:46.6445234Z,True
BTCUSDT,91228.97000000,0.02069000,2025-04-22T15:21:47.4880000Z,2025-04-22T15:21:46.6467083Z,True
BTCUSDT,91228.97000000,0.02500000,2025-04-22T15:21:47.4900000Z,2025-04-22T15:21:46.6489160Z,True
BTCUSDT,91228.97000000,0.02100000,2025-04-22T15:21:47.4910000Z,2025-04-22T15:21:46.6512167Z,True
BTCUSDT,91228.97000000,0.02100000,2025-04-22T15:21:47.4920000Z,2025-04-22T15:21:46.6536828Z,True
BTCUSDT,91228.97000000,0.01500000,2025-04-22T15:21:47.4920000Z,2025-04-22T15:21:46.6560763Z,True
BTCUSDT,91228.97000000,0.02100000,2025-04-22T15:21:47.4940000Z,2025-04-22T15:21:46.6585870Z,True
BTCUSDT,91228.97000000,0.02100000,2025-04-22T15:21:47.4950000Z,2025-04-22T15:21:46.6614091Z,True
BTCUSDT,91228.97000000,0.02100000,2025-04-22T15:21:47.4950000Z,2025-04-22T15:21:46.6641387Z,True
BTCUSDT,91228.97000000,0.02100000,2025-04-22T15:21:47.4950000Z,2025-04-22T15:21:46.6662442Z,True
BTCUSDT,91228.97000000,0.00006000,2025-04-22T15:21:47.4960000Z,2025-04-22T15:21:46.6688422Z,True
BTCUSDT,91228.97000000,0.02094000,2025-04-22T15:21:47.4960000Z,2025-04-22T15:21:46.6712353Z,True
BTCUSDT,91228.97000000,0.02100000,2025-04-22T15:21:47.4980000Z,2025-04-22T15:21:46.6738687Z,True
BTCUSDT,91228.97000000,0.02100000,2025-04-22T15:21:47.4980000Z,2025-04-22T15:21:46.6768257Z,True
BTCUSDT,91228.97000000,0.00010000,2025-04-22T15:21:47.5000000Z,2025-04-22T15:21:46.6795674Z,True
BTCUSDT,91228.97000000,0.00010000,2025-04-22T15:21:47.5000000Z,2025-04-22T15:21:46.6825851Z,True
BTCUSDT,91228.97000000,0.01480000,2025-04-22T15:21:47.5000000Z,2025-04-22T15:21:46.6850058Z,True
BTCUSDT,91228.97000000,0.00164000,2025-04-22T15:21:47.5530000Z,2025-04-22T15:21:46.6871836Z,True
BTCUSDT,91228.97000000,0.00010000,2025-04-22T15:21:47.5530000Z,2025-04-22T15:21:46.6894069Z,True
BTCUSDT,91228.97000000,0.00010000,2025-04-22T15:21:47.5530000Z,2025-04-22T15:21:46.6920929Z,True
BTCUSDT,91228.97000000,0.00010000,2025-04-22T15:21:47.5530000Z,2025-04-22T15:21:46.6950815Z,True
BTCUSDT,91228.97000000,0.00024000,2025-04-22T15:21:47.5530000Z,2025-04-22T15:21:46.6980795Z,True
BTCUSDT,91228.97000000,0.00010000,2025-04-22T15:21:47.5530000Z,2025-04-22T15:21:46.7006218Z,True
BTCUSDT,91228.97000000,0.00010000,2025-04-22T15:21:47.5530000Z,2025-04-22T15:21:46.7037017Z,True
BTCUSDT,91228.97000000,0.00006000,2025-04-22T15:21:47.5530000Z,2025-04-22T15:21:46.7062838Z,True
BTCUSDT,91228.97000000,0.00202000,2025-04-22T15:21:47.5530000Z,2025-04-22T15:21:46.7088637Z,True
BTCUSDT,91228.97000000,0.00024000,2025-04-22T15:21:47.5530000Z,2025-04-22T15:21:46.7115572Z,True
BTCUSDT,91228.97000000,0.00006000,2025-04-22T15:21:47.5530000Z,2025-04-22T15:21:46.7142990Z,True
BTCUSDT,91228.97000000,0.00006000,2025-04-22T15:21:47.5530000Z,2025-04-22T15:21:46.7166767Z,True
BTCUSDT,91228.96000000,0.00050000,2025-04-22T15:21:47.5530000Z,2025-04-22T15:21:46.7188681Z,True
BTCUSDT,91228.96000000,0.00019000,2025-04-22T15:21:47.5530000Z,2025-04-22T15:21:46.7209894Z,True
BTCUSDT,91225.98000000,0.00107000,2025-04-22T15:21:47.5530000Z,2025-04-22T15:21:46.7231946Z,True
BTCUSDT,91222.75000000,0.00267000,2025-04-22T15:21:47.5530000Z,2025-04-22T15:21:46.7264478Z,True
BTCUSDT,91222.26000000,0.00074000,2025-04-22T15:21:47.5530000Z,2025-04-22T15:21:46.7290714Z,True
BTCUSDT,91222.25000000,0.00012000,2025-04-22T15:21:47.5530000Z,2025-04-22T15:21:46.7313703Z,True
BTCUSDT,91221.51000000,0.00034000,2025-04-22T15:21:47.5530000Z,2025-04-22T15:21:46.7336310Z,True
BTCUSDT,91221.44000000,0.00202000,2025-04-22T15:21:47.5530000Z,2025-04-22T15:21:46.7361041Z,True
BTCUSDT,91221.22000000,0.00064000,2025-04-22T15:21:47.6120000Z,2025-04-22T15:21:46.7386023Z,True
BTCUSDT,91221.22000000,0.00064000,2025-04-22T15:21:47.6120000Z,2025-04-22T15:21:46.7409135Z,True
BTCUSDT,91221.22000000,0.00006000,2025-04-22T15:21:47.6120000Z,2025-04-22T15:21:46.7431914Z,True
BTCUSDT,91221.22000000,0.00069000,2025-04-22T15:21:47.6120000Z,2025-04-22T15:21:46.7455422Z,True
BTCUSDT,91221.23000000,0.14007000,2025-04-22T15:21:47.6120000Z,2025-04-22T15:21:46.7480537Z,False
BTCUSDT,91221.23000000,0.01455000,2025-04-22T15:21:47.6440000Z,2025-04-22T15:21:46.7502522Z,False
BTCUSDT,91221.23000000,0.00006000,2025-04-22T15:21:47.6810000Z,2025-04-22T15:21:46.7532529Z,False
BTCUSDT,91221.23000000,0.01141000,2025-04-22T15:21:47.6810000Z,2025-04-22T15:21:46.7561842Z,False
BTCUSDT,91221.22000000,0.00029000,2025-04-22T15:21:47.7130000Z,2025-04-22T15:21:46.7587147Z,True
BTCUSDT,91221.23000000,0.01125000,2025-04-22T15:21:47.7150000Z,2025-04-22T15:21:46.7612555Z,False
BTCUSDT,91221.23000000,0.00777000,2025-04-22T15:21:47.7460000Z,2025-04-22T15:21:46.7634708Z,False
BTCUSDT,91221.23000000,0.00988000,2025-04-22T15:21:47.7950000Z,2025-04-22T15:21:46.7661703Z,False
BTCUSDT,91221.23000000,0.01475000,2025-04-22T15:21:47.8350000Z,2025-04-22T15:21:46.7685145Z,False
BTCUSDT,91221.23000000,0.00937000,2025-04-22T15:21:47.8670000Z,2025-04-22T15:21:46.7713740Z,False
BTCUSDT,91221.23000000,0.01039000,2025-04-22T15:21:47.9020000Z,2025-04-22T15:21:46.7746790Z,False
BTCUSDT,91221.23000000,0.00888000,2025-04-22T15:21:47.9330000Z,2025-04-22T15:21:46.7769568Z,False
BTCUSDT,91221.23000000,0.01095000,2025-04-22T15:21:48.0200000Z,2025-04-22T15:21:46.8264636Z,False
BTCUSDT,91221.23000000,0.00270000,2025-04-22T15:21:48.0970000Z,2025-04-22T15:21:46.9023232Z,False
BTCUSDT,91221.22000000,0.00016000,2025-04-22T15:21:48.1650000Z,2025-04-22T15:21:46.9706498Z,True
BTCUSDT,91221.23000000,0.07392000,2025-04-22T15:21:48.2400000Z,2025-04-22T15:21:47.0456202Z,False
BTCUSDT,91221.23000000,0.00978000,2025-04-22T15:21:48.2400000Z,2025-04-22T15:21:47.0483080Z,False
BTCUSDT,91221.23000000,0.00055000,2025-04-22T15:21:48.2420000Z,2025-04-22T15:21:47.0511895Z,False
BTCUSDT,91221.23000000,0.00014000,2025-04-22T15:21:48.3460000Z,2025-04-22T15:21:47.1516391Z,False
BTCUSDT,91221.23000000,0.07521000,2025-04-22T15:21:48.6120000Z,2025-04-22T15:21:47.4178837Z,False
BTCUSDT,91221.23000000,0.04000000,2025-04-22T15:21:48.6120000Z,2025-04-22T15:21:47.4206679Z,False
BTCUSDT,91221.23000000,0.04565000,2025-04-22T15:21:48.6120000Z,2025-04-22T15:21:47.4228561Z,False
BTCUSDT,91221.23000000,0.01909000,2025-04-22T15:21:48.6540000Z,2025-04-22T15:21:47.4599476Z,False
BTCUSDT,91221.23000000,0.01095000,2025-04-22T15:21:48.6670000Z,2025-04-22T15:21:47.4816305Z,False
BTCUSDT,91221.23000000,0.00431000,2025-04-22T15:21:48.7150000Z,2025-04-22T15:21:47.5205452Z,False
BTCUSDT,91221.23000000,0.01389000,2025-04-22T15:21:48.7150000Z,2025-04-22T15:21:47.5231187Z,False
BTCUSDT,91221.23000000,0.00611000,2025-04-22T15:21:48.7590000Z,2025-04-22T15:21:47.5651845Z,False
BTCUSDT,91221.23000000,0.00164000,2025-04-22T15:21:48.7590000Z,2025-04-22T15:21:47.5676612Z,False
BTCUSDT,91221.23000000,0.00204000,2025-04-22T15:21:48.7590000Z,2025-04-22T15:21:47.5698890Z,False
BTCUSDT,91221.23000000,0.00342000,2025-04-22T15:21:48.7590000Z,2025-04-22T15:21:47.5720365Z,False
BTCUSDT,91221.23000000,0.01114000,2025-04-22T15:21:48.7990000Z,2025-04-22T15:21:47.6043334Z,False
BTCUSDT,91221.23000000,0.00651000,2025-04-22T15:21:48.8440000Z,2025-04-22T15:21:47.6486753Z,False
BTCUSDT,91221.23000000,0.00422000,2025-04-22T15:21:48.8740000Z,2025-04-22T15:21:47.6794184Z,False
BTCUSDT,91221.23000000,0.01438000,2025-04-22T15:21:48.9150000Z,2025-04-22T15:21:47.7209142Z,False
BTCUSDT,91221.22000000,0.01500000,2025-04-22T15:21:48.9360000Z,2025-04-22T15:21:47.7405768Z,True
BTCUSDT,91221.22000000,0.01500000,2025-04-22T15:21:48.9360000Z,2025-04-22T15:21:47.7430142Z,True
BTCUSDT,91221.22000000,0.02100000,2025-04-22T15:21:48.9370000Z,2025-04-22T15:21:47.7458670Z,True
BTCUSDT,91221.22000000,0.00196000,2025-04-22T15:21:48.9370000Z,2025-04-22T15:21:47.7484948Z,True
BTCUSDT,91221.22000000,0.00016000,2025-04-22T15:21:48.9370000Z,2025-04-22T15:21:47.7505579Z,True
BTCUSDT,91221.22000000,0.00560000,2025-04-22T15:21:48.9370000Z,2025-04-22T15:21:47.7528030Z,True
BTCUSDT,91221.22000000,0.01728000,2025-04-22T15:21:48.9370000Z,2025-04-22T15:21:47.7547506Z,True
BTCUSDT,91221.22000000,0.02100000,2025-04-22T15:21:48.9380000Z,2025-04-22T15:21:47.7567078Z,True
BTCUSDT,91221.22000000,0.02100000,2025-04-22T15:21:48.9390000Z,2025-04-22T15:21:47.7595157Z,True
BTCUSDT,91221.23000000,0.00736000,2025-04-22T15:21:48.9530000Z,2025-04-22T15:21:47.7622821Z,False
BTCUSDT,91221.23000000,0.00734000,2025-04-22T15:21:48.9850000Z,2025-04-22T15:21:47.7908603Z,False
BTCUSDT,91221.23000000,0.03496000,2025-04-22T15:21:49.0640000Z,2025-04-22T15:21:47.8701219Z,False
BTCUSDT,91221.22000000,0.01000000,2025-04-22T15:21:49.0740000Z,2025-04-22T15:21:47.8794068Z,True
BTCUSDT,91221.23000000,0.01947000,2025-04-22T15:21:49.1170000Z,2025-04-22T15:21:47.9218272Z,False
BTCUSDT,91221.23000000,0.00571000,2025-04-22T15:21:49.2170000Z,2025-04-22T15:21:48.0236096Z,False
BTCUSDT,91221.23000000,0.00200000,2025-04-22T15:21:49.3490000Z,2025-04-22T15:21:48.1537746Z,False
BTCUSDT,91221.23000000,0.00200000,2025-04-22T15:21:49.3500000Z,2025-04-22T15:21:48.1561117Z,False
BTCUSDT,91221.23000000,0.00029000,2025-04-22T15:21:49.3690000Z,2025-04-22T15:21:48.1754023Z,False
BTCUSDT,91221.23000000,0.00070000,2025-04-22T15:21:49.3690000Z,2025-04-22T15:21:48.1777441Z,False
BTCUSDT,91221.23000000,0.06502000,2025-04-22T15:21:49.6120000Z,2025-04-22T15:21:48.4179239Z,False
BTCUSDT,91221.23000000,0.00091000,2025-04-22T15:21:49.6120000Z,2025-04-22T15:21:48.4201859Z,False
BTCUSDT,91221.23000000,0.00024000,2025-04-22T15:21:49.6120000Z,2025-04-22T15:21:48.4221613Z,False
BTCUSDT,91221.23000000,0.06577000,2025-04-22T15:21:49.6120000Z,2025-04-22T15:21:48.4244195Z,False
BTCUSDT,91221.23000000,0.03576000,2025-04-22T15:21:49.6120000Z,2025-04-22T15:21:48.4263353Z,False
BTCUSDT,91221.23000000,0.01039000,2025-04-22T15:21:49.6470000Z,2025-04-22T15:21:48.4514774Z,False
BTCUSDT,91221.22000000,0.01500000,2025-04-22T15:21:49.6800000Z,2025-04-22T15:21:48.4860192Z,True
BTCUSDT,91221.23000000,0.01183000,2025-04-22T15:21:49.6820000Z,2025-04-22T15:21:48.4883316Z,False
BTCUSDT,91221.22000000,0.01473000,2025-04-22T15:21:49.6960000Z,2025-04-22T15:21:48.5019918Z,True
BTCUSDT,91221.23000000,0.00896000,2025-04-22T15:21:49.7150000Z,2025-04-22T15:21:48.5205001Z,False
BTCUSDT,91221.23000000,0.00961000,2025-04-22T15:21:49.7480000Z,2025-04-22T15:21:48.5534180Z,False
BTCUSDT,91221.22000000,0.00024000,2025-04-22T15:21:49.7520000Z,2025-04-22T15:21:48.5576746Z,True
BTCUSDT,91221.23000000,0.01846000,2025-04-22T15:21:49.8150000Z,2025-04-22T15:21:48.6209146Z,False
BTCUSDT,91221.22000000,0.00102000,2025-04-22T15:21:49.8160000Z,2025-04-22T15:21:48.6235364Z,True
BTCUSDT,91221.23000000,0.00200000,2025-04-22T15:21:49.8400000Z,2025-04-22T15:21:48.6462407Z,False
BTCUSDT,91221.23000000,0.00200000,2025-04-22T15:21:49.8440000Z,2025-04-22T15:21:48.6496942Z,False
BTCUSDT,91221.23000000,0.00826000,2025-04-22T15:21:49.8450000Z,2025-04-22T15:21:48.6518652Z,False
BTCUSDT,91221.23000000,0.00338000,2025-04-22T15:21:49.8810000Z,2025-04-22T15:21:48.6866365Z,False
BTCUSDT,91221.23000000,0.01025000,2025-04-22T15:21:49.9150000Z,2025-04-22T15:21:48.7206393Z,False
BTCUSDT,91221.23000000,0.00281000,2025-04-22T15:21:49.9600000Z,2025-04-22T15:21:48.7665184Z,False
BTCUSDT,91221.23000000,0.01146000,2025-04-22T15:21:49.9600000Z,2025-04-22T15:21:48.7687996Z,False
BTCUSDT,91221.23000000,0.01095000,2025-04-22T15:21:50.0480000Z,2025-04-22T15:21:48.8536054Z,False
BTCUSDT,91221.23000000,0.00026000,2025-04-22T15:21:50.0660000Z,2025-04-22T15:21:48.8725629Z,False
BTCUSDT,91221.22000000,0.00007000,2025-04-22T15:21:50.0920000Z,2025-04-22T15:21:48.8986014Z,True
BTCUSDT,91221.23000000,0.00164000,2025-04-22T15:21:50.2570000Z,2025-04-22T15:21:49.0629850Z,False
BTCUSDT,91221.23000000,0.03458000,2025-04-22T15:21:50.3180000Z,2025-04-22T15:21:49.1234155Z,False
BTCUSDT,91221.22000000,0.00307000,2025-04-22T15:21:50.4330000Z,2025-04-22T15:21:49.2383915Z,True
BTCUSDT,91221.22000000,0.00016000,2025-04-22T15:21:50.6000000Z,2025-04-22T15:21:49.4079882Z,True
BTCUSDT,91221.23000000,0.00024000,2025-04-22T15:21:50.6130000Z,2025-04-22T15:21:49.8408783Z,False
BTCUSDT,91221.23000000,0.00024000,2025-04-22T15:21:50.6130000Z,2025-04-22T15:21:49.8439690Z,False
BTCUSDT,91221.23000000,0.06577000,2025-04-22T15:21:50.6130000Z,2025-04-22T15:21:49.8458117Z,False
BTCUSDT,91221.23000000,0.00200000,2025-04-22T15:21:50.6130000Z,2025-04-22T15:21:49.8476005Z,False
BTCUSDT,91221.23000000,0.00144000,2025-04-22T15:21:50.6130000Z,2025-04-22T15:21:49.8494908Z,False
BTCUSDT,91221.23000000,0.00007000,2025-04-22T15:21:50.6130000Z,2025-04-22T15:21:49.8517160Z,False
BTCUSDT,91221.23000000,0.04000000,2025-04-22T15:21:50.6130000Z,2025-04-22T15:21:49.8538496Z,False
BTCUSDT,91221.23000000,0.05805000,2025-04-22T15:21:50.6130000Z,2025-04-22T15:21:49.8557760Z,False
BTCUSDT,91221.23000000,0.01290000,2025-04-22T15:21:50.6520000Z,2025-04-22T15:21:49.8577409Z,False
BTCUSDT,91221.23000000,0.00905000,2025-04-22T15:21:50.7120000Z,2025-04-22T15:21:49.8600220Z,False
BTCUSDT,91221.23000000,0.02000000,2025-04-22T15:21:50.7120000Z,2025-04-22T15:21:49.8619563Z,False
BTCUSDT,91221.23000000,0.00164000,2025-04-22T15:21:50.7120000Z,2025-04-22T15:21:49.8638910Z,False
BTCUSDT,91221.23000000,0.00188000,2025-04-22T15:21:50.7120000Z,2025-04-22T15:21:49.8657590Z,False
BTCUSDT,91221.23000000,0.04393000,2025-04-22T15:21:50.7120000Z,2025-04-22T15:21:49.8678028Z,False
BTCUSDT,91221.23000000,0.01700000,2025-04-22T15:21:50.7140000Z,2025-04-22T15:21:49.8701822Z,False
BTCUSDT,91221.23000000,0.00484000,2025-04-22T15:21:50.7270000Z,2025-04-22T15:21:49.8719785Z,False
BTCUSDT,91221.23000000,0.00611000,2025-04-22T15:21:50.7270000Z,2025-04-22T15:21:49.8737821Z,False
BTCUSDT,91221.23000000,0.00200000,2025-04-22T15:21:50.7400000Z,2025-04-22T15:21:49.8756458Z,False
BTCUSDT,91221.23000000,0.00200000,2025-04-22T15:21:50.7480000Z,2025-04-22T15:21:49.8778080Z,False
BTCUSDT,91221.23000000,0.01507000,2025-04-22T15:21:50.7560000Z,2025-04-22T15:21:49.8798428Z,False
BTCUSDT,91221.23000000,0.00006000,2025-04-22T15:21:50.8070000Z,2025-04-22T15:21:49.8818943Z,False
BTCUSDT,91221.23000000,0.00138000,2025-04-22T15:21:50.8070000Z,2025-04-22T15:21:49.8840413Z,False
BTCUSDT,91221.23000000,0.00075000,2025-04-22T15:21:50.8070000Z,2025-04-22T15:21:49.8858808Z,False
BTCUSDT,91221.23000000,0.00006000,2025-04-22T15:21:50.8070000Z,2025-04-22T15:21:49.8878742Z,False
BTCUSDT,91221.23000000,0.00092000,2025-04-22T15:21:50.8070000Z,2025-04-22T15:21:49.8902948Z,False
BTCUSDT,91221.23000000,0.01076000,2025-04-22T15:21:50.8070000Z,2025-04-22T15:21:49.8925014Z,False
BTCUSDT,91221.23000000,0.00054000,2025-04-22T15:21:50.8160000Z,2025-04-22T15:21:49.8947973Z,False
BTCUSDT,91221.22000000,0.00220000,2025-04-22T15:21:50.8400000Z,2025-04-22T15:21:49.8968110Z,True
BTCUSDT,91221.23000000,0.00799000,2025-04-22T15:21:50.8420000Z,2025-04-22T15:21:49.8990025Z,False
BTCUSDT,91221.23000000,0.00840000,2025-04-22T15:21:50.8740000Z,2025-04-22T15:21:49.9018739Z,False
BTCUSDT,91221.22000000,0.01129000,2025-04-22T15:21:50.8870000Z,2025-04-22T15:21:49.9037917Z,True
BTCUSDT,91221.23000000,0.00983000,2025-04-22T15:21:50.9070000Z,2025-04-22T15:21:49.9056453Z,False
BTCUSDT,91221.23000000,0.01083000,2025-04-22T15:21:50.9460000Z,2025-04-22T15:21:49.9077103Z,False
BTCUSDT,91221.22000000,0.00014000,2025-04-22T15:21:50.9590000Z,2025-04-22T15:21:49.9099347Z,True
BTCUSDT,91221.23000000,0.01593000,2025-04-22T15:21:51.0150000Z,2025-04-22T15:21:49.9119022Z,False
BTCUSDT,91221.23000000,0.00025000,2025-04-22T15:21:51.0150000Z,2025-04-22T15:21:49.9137292Z,False
BTCUSDT,91221.23000000,0.00162000,2025-04-22T15:21:51.0150000Z,2025-04-22T15:21:49.9156188Z,False
BTCUSDT,91221.23000000,0.00010000,2025-04-22T15:21:51.0500000Z,2025-04-22T15:21:50.0051387Z,False
BTCUSDT,91221.22000000,0.44640000,2025-04-22T15:21:51.1980000Z,2025-04-22T15:21:50.0073868Z,True
BTCUSDT,91221.22000000,0.02100000,2025-04-22T15:21:51.1980000Z,2025-04-22T15:21:50.1469136Z,True
BTCUSDT,91221.22000000,0.24310000,2025-04-22T15:21:51.1980000Z,2025-04-22T15:21:50.1491434Z,True
BTCUSDT,91221.22000000,0.72314000,2025-04-22T15:21:51.1980000Z,2025-04-22T15:21:50.1511851Z,True
BTCUSDT,91221.22000000,0.00164000,2025-04-22T15:21:51.1980000Z,2025-04-22T15:21:50.1530259Z,True
BTCUSDT,91221.22000000,0.00050000,2025-04-22T15:21:51.1980000Z,2025-04-22T15:21:50.1548297Z,True
BTCUSDT,91221.22000000,0.29017000,2025-04-22T15:21:51.1980000Z,2025-04-22T15:21:50.1567246Z,True
BTCUSDT,91221.22000000,0.00006000,2025-04-22T15:21:51.1980000Z,2025-04-22T15:21:50.1586851Z,True
BTCUSDT,91221.22000000,0.45880000,2025-04-22T15:21:51.1980000Z,2025-04-22T15:21:50.1605168Z,True
BTCUSDT,91221.22000000,0.00074000,2025-04-22T15:21:51.1980000Z,2025-04-22T15:21:50.1623002Z,True
BTCUSDT,91221.22000000,0.00010000,2025-04-22T15:21:51.1980000Z,2025-04-22T15:21:50.1640717Z,True
BTCUSDT,91221.22000000,0.02854000,2025-04-22T15:21:51.1980000Z,2025-04-22T15:21:50.1677906Z,True
BTCUSDT,91221.22000000,0.24698000,2025-04-22T15:21:51.1980000Z,2025-04-22T15:21:50.1698887Z,True
BTCUSDT,91221.22000000,0.03204000,2025-04-22T15:21:51.1980000Z,2025-04-22T15:21:50.1717355Z,True
BTCUSDT,91221.22000000,0.00024000,2025-04-22T15:21:51.1980000Z,2025-04-22T15:21:50.1735575Z,True
BTCUSDT,91221.22000000,0.00025000,2025-04-22T15:21:51.1980000Z,2025-04-22T15:21:50.1763017Z,True
BTCUSDT,91221.22000000,0.00025000,2025-04-22T15:21:51.1980000Z,2025-04-22T15:21:50.1787949Z,True
BTCUSDT,91221.22000000,0.05310000,2025-04-22T15:21:51.1980000Z,2025-04-22T15:21:50.1807030Z,True
BTCUSDT,91221.22000000,0.00006000,2025-04-22T15:21:51.1980000Z,2025-04-22T15:21:50.1829376Z,True
BTCUSDT,91221.22000000,0.00240000,2025-04-22T15:21:51.1980000Z,2025-04-22T15:21:50.1873013Z,True
BTCUSDT,91221.22000000,0.00052000,2025-04-22T15:21:51.1980000Z,2025-04-22T15:21:50.1892564Z,True
BTCUSDT,91221.22000000,0.00191000,2025-04-22T15:21:51.1980000Z,2025-04-22T15:21:50.1911369Z,True
BTCUSDT,91221.22000000,0.00007000,2025-04-22T15:21:51.1980000Z,2025-04-22T15:21:50.1930218Z,True
BTCUSDT,91221.22000000,0.00421000,2025-04-22T15:21:51.1980000Z,2025-04-22T15:21:50.1948926Z,True
BTCUSDT,91221.22000000,0.00007000,2025-04-22T15:21:51.1980000Z,2025-04-22T15:21:50.1972956Z,True
BTCUSDT,91221.22000000,0.49500000,2025-04-22T15:21:51.1980000Z,2025-04-22T15:21:50.1996493Z,True
BTCUSDT,91221.22000000,0.00265000,2025-04-22T15:21:51.1980000Z,2025-04-22T15:21:50.2015154Z,True
BTCUSDT,91221.22000000,0.18348000,2025-04-22T15:21:51.1980000Z,2025-04-22T15:21:50.2039836Z,True
BTCUSDT,91221.22000000,0.04165000,2025-04-22T15:21:51.1980000Z,2025-04-22T15:21:50.2059828Z,True
BTCUSDT,91221.22000000,0.00006000,2025-04-22T15:21:51.1980000Z,2025-04-22T15:21:50.2077400Z,True
BTCUSDT,91221.22000000,0.00006000,2025-04-22T15:21:51.1980000Z,2025-04-22T15:21:50.2096157Z,True
BTCUSDT,91221.22000000,0.04165000,2025-04-22T15:21:51.1980000Z,2025-04-22T15:21:50.2113880Z,True
BTCUSDT,91221.22000000,0.00006000,2025-04-22T15:21:51.1980000Z,2025-04-22T15:21:50.2136427Z,True
BTCUSDT,91221.22000000,0.04165000,2025-04-22T15:21:51.1980000Z,2025-04-22T15:21:50.2158573Z,True
BTCUSDT,91221.22000000,0.04165000,2025-04-22T15:21:51.1980000Z,2025-04-22T15:21:50.2177423Z,True
BTCUSDT,91221.22000000,0.01887000,2025-04-22T15:21:51.1980000Z,2025-04-22T15:21:50.2195515Z,True
BTCUSDT,91221.21000000,0.00039000,2025-04-22T15:21:51.1980000Z,2025-04-22T15:21:50.2213463Z,True
BTCUSDT,91221.21000000,0.00059000,2025-04-22T15:21:51.1980000Z,2025-04-22T15:21:50.2231812Z,True
BTCUSDT,91221.21000000,0.00006000,2025-04-22T15:21:51.1980000Z,2025-04-22T15:21:50.2249876Z,True
BTCUSDT,91221.21000000,0.00006000,2025-04-22T15:21:51.1980000Z,2025-04-22T15:21:50.2267818Z,True
BTCUSDT,91221.21000000,0.00006000,2025-04-22T15:21:51.1980000Z,2025-04-22T15:21:50.2287772Z,True
BTCUSDT,91221.20000000,0.00006000,2025-04-22T15:21:51.1980000Z,2025-04-22T15:21:50.2311429Z,True
BTCUSDT,91221.20000000,0.00006000,2025-04-22T15:21:51.1980000Z,2025-04-22T15:21:50.2330780Z,True
BTCUSDT,91221.20000000,0.00006000,2025-04-22T15:21:51.1980000Z,2025-04-22T15:21:50.2352107Z,True
BTCUSDT,91221.20000000,0.00006000,2025-04-22T15:21:51.1980000Z,2025-04-22T15:21:50.2372392Z,True
BTCUSDT,91221.20000000,0.00006000,2025-04-22T15:21:51.1980000Z,2025-04-22T15:21:50.2391216Z,True
BTCUSDT,91221.20000000,0.00006000,2025-04-22T15:21:51.1980000Z,2025-04-22T15:21:50.2413819Z,True
BTCUSDT,91221.19000000,0.14000000,2025-04-22T15:21:51.1980000Z,2025-04-22T15:21:50.2434131Z,True
BTCUSDT,91221.19000000,0.00006000,2025-04-22T15:21:51.1980000Z,2025-04-22T15:21:50.2457837Z,True
BTCUSDT,91221.19000000,0.00006000,2025-04-22T15:21:51.1980000Z,2025-04-22T15:21:50.2475720Z,True
BTCUSDT,91221.19000000,0.00006000,2025-04-22T15:21:51.1980000Z,2025-04-22T15:21:50.2493532Z,True
BTCUSDT,91220.00000000,0.00006000,2025-04-22T15:21:51.1980000Z,2025-04-22T15:21:50.2514140Z,True
BTCUSDT,91220.00000000,0.02192000,2025-04-22T15:21:51.1980000Z,2025-04-22T15:21:50.2534774Z,True
BTCUSDT,91220.00000000,0.00006000,2025-04-22T15:21:51.1980000Z,2025-04-22T15:21:50.2558583Z,True
BTCUSDT,91220.00000000,0.00006000,2025-04-22T15:21:51.1980000Z,2025-04-22T15:21:50.2579236Z,True
BTCUSDT,91220.00000000,0.00006000,2025-04-22T15:21:51.1980000Z,2025-04-22T15:21:50.2599775Z,True
BTCUSDT,91219.96000000,0.00006000,2025-04-22T15:21:51.1980000Z,2025-04-22T15:21:50.2617666Z,True
BTCUSDT,91219.96000000,0.00006000,2025-04-22T15:21:51.1980000Z,2025-04-22T15:21:50.2634894Z,True
BTCUSDT,91219.96000000,0.00006000,2025-04-22T15:21:51.1980000Z,2025-04-22T15:21:50.2653179Z,True
BTCUSDT,91219.48000000,0.00007000,2025-04-22T15:21:51.1980000Z,2025-04-22T15:21:50.2674963Z,True
BTCUSDT,91219.30000000,0.00101000,2025-04-22T15:21:51.1980000Z,2025-04-22T15:21:50.2695244Z,True
BTCUSDT,91219.25000000,0.00006000,2025-04-22T15:21:51.1980000Z,2025-04-22T15:21:50.2713510Z,True
BTCUSDT,91218.89000000,0.00006000,2025-04-22T15:21:51.1980000Z,2025-04-22T15:21:50.2731054Z,True
BTCUSDT,91218.89000000,0.00006000,2025-04-22T15:21:51.1980000Z,2025-04-22T15:21:50.2749817Z,True
BTCUSDT,91218.89000000,0.00006000,2025-04-22T15:21:51.1980000Z,2025-04-22T15:21:50.2773742Z,True
BTCUSDT,91218.88000000,0.11775000,2025-04-22T15:21:51.1980000Z,2025-04-22T15:21:50.2793322Z,True
BTCUSDT,91218.88000000,0.00006000,2025-04-22T15:21:51.1980000Z,2025-04-22T15:21:50.2812845Z,True
BTCUSDT,91218.88000000,0.00006000,2025-04-22T15:21:51.1980000Z,2025-04-22T15:21:50.2830251Z,True
BTCUSDT,91218.88000000,0.00006000,2025-04-22T15:21:51.1980000Z,2025-04-22T15:21:50.2847285Z,True
BTCUSDT,91218.11000000,0.02192000,2025-04-22T15:21:51.1980000Z,2025-04-22T15:21:50.2864662Z,True
BTCUSDT,91218.11000000,0.00006000,2025-04-22T15:21:51.1980000Z,2025-04-22T15:21:50.2881989Z,True
BTCUSDT,91218.11000000,0.00006000,2025-04-22T15:21:51.1980000Z,2025-04-22T15:21:50.2899946Z,True
BTCUSDT,91218.11000000,0.00006000,2025-04-22T15:21:51.1980000Z,2025-04-22T15:21:50.2923808Z,True
BTCUSDT,91217.78000000,0.02199000,2025-04-22T15:21:51.1980000Z,2025-04-22T15:21:50.2947250Z,True
BTCUSDT,91217.78000000,0.00006000,2025-04-22T15:21:51.1980000Z,2025-04-22T15:21:50.2971215Z,True
BTCUSDT,91217.78000000,0.00006000,2025-04-22T15:21:51.1980000Z,2025-04-22T15:21:50.2995324Z,True
BTCUSDT,91217.78000000,0.00006000,2025-04-22T15:21:51.1980000Z,2025-04-22T15:21:50.3015321Z,True
BTCUSDT,91217.58000000,0.00006000,2025-04-22T15:21:51.1980000Z,2025-04-22T15:21:50.3033678Z,True
BTCUSDT,91217.58000000,0.00006000,2025-04-22T15:21:51.1980000Z,2025-04-22T15:21:50.3059813Z,True
BTCUSDT,91217.58000000,0.00006000,2025-04-22T15:21:51.1980000Z,2025-04-22T15:21:50.3082294Z,True
BTCUSDT,91217.52000000,0.00006000,2025-04-22T15:21:51.1980000Z,2025-04-22T15:21:50.3101105Z,True
BTCUSDT,91217.52000000,0.00006000,2025-04-22T15:21:51.1980000Z,2025-04-22T15:21:50.3125841Z,True
BTCUSDT,91217.52000000,0.00006000,2025-04-22T15:21:51.1980000Z,2025-04-22T15:21:50.3152363Z,True
BTCUSDT,91216.79000000,0.00006000,2025-04-22T15:21:51.1980000Z,2025-04-22T15:21:50.3174487Z,True
BTCUSDT,91216.79000000,0.00006000,2025-04-22T15:21:51.1980000Z,2025-04-22T15:21:50.3197557Z,True
BTCUSDT,91216.79000000,0.00006000,2025-04-22T15:21:51.1980000Z,2025-04-22T15:21:50.3226038Z,True
BTCUSDT,91216.65000000,0.00024000,2025-04-22T15:21:51.1980000Z,2025-04-22T15:21:50.3247619Z,True
BTCUSDT,91216.47000000,0.03291000,2025-04-22T15:21:51.1980000Z,2025-04-22T15:21:50.3271174Z,True
BTCUSDT,91216.47000000,0.00006000,2025-04-22T15:21:51.1980000Z,2025-04-22T15:21:50.3295195Z,True
BTCUSDT,91216.47000000,0.00006000,2025-04-22T15:21:51.1980000Z,2025-04-22T15:21:50.3318550Z,True
BTCUSDT,91216.47000000,0.00006000,2025-04-22T15:21:51.1980000Z,2025-04-22T15:21:50.3341624Z,True
BTCUSDT,91216.00000000,0.03400000,2025-04-22T15:21:51.1980000Z,2025-04-22T15:21:50.3363936Z,True
BTCUSDT,91215.29000000,0.00267000,2025-04-22T15:21:51.1980000Z,2025-04-22T15:21:50.3383933Z,True
BTCUSDT,91215.22000000,0.00070000,2025-04-22T15:21:51.1980000Z,2025-04-22T15:21:50.3406368Z,True
BTCUSDT,91214.84000000,0.40640000,2025-04-22T15:21:51.1980000Z,2025-04-22T15:21:50.3431457Z,True
BTCUSDT,91214.84000000,0.08860000,2025-04-22T15:21:51.1980000Z,2025-04-22T15:21:50.3451447Z,True
BTCUSDT,91214.17000000,0.18977000,2025-04-22T15:21:51.1980000Z,2025-04-22T15:21:50.3472544Z,True
BTCUSDT,91212.86000000,0.00012000,2025-04-22T15:21:51.1980000Z,2025-04-22T15:21:50.3491991Z,True
BTCUSDT,91212.57000000,0.00043000,2025-04-22T15:21:51.1980000Z,2025-04-22T15:21:50.3512199Z,True
BTCUSDT,91212.57000000,0.00043000,2025-04-22T15:21:51.1980000Z,2025-04-22T15:21:50.3533341Z,True
BTCUSDT,91212.40000000,0.03600000,2025-04-22T15:21:51.1980000Z,2025-04-22T15:21:50.3557083Z,True
BTCUSDT,91212.10000000,0.00267000,2025-04-22T15:21:51.1980000Z,2025-04-22T15:21:50.3580704Z,True
BTCUSDT,91212.08000000,0.78903000,2025-04-22T15:21:51.1980000Z,2025-04-22T15:21:50.3609654Z,True
BTCUSDT,91211.06000000,0.00042000,2025-04-22T15:21:51.1990000Z,2025-04-22T15:21:50.3636198Z,True
BTCUSDT,91211.06000000,0.00021000,2025-04-22T15:21:51.1990000Z,2025-04-22T15:21:50.3662118Z,True
BTCUSDT,91212.08000000,0.00006000,2025-04-22T15:21:51.2030000Z,2025-04-22T15:21:50.3693040Z,True
BTCUSDT,91212.08000000,0.00006000,2025-04-22T15:21:51.2030000Z,2025-04-22T15:21:50.3721559Z,True
BTCUSDT,91212.08000000,0.00006000,2025-04-22T15:21:51.2030000Z,2025-04-22T15:21:50.3751866Z,True
BTCUSDT,91210.91000000,0.00450000,2025-04-22T15:21:51.2030000Z,2025-04-22T15:21:50.3782980Z,True
BTCUSDT,91210.59000000,0.00095000,2025-04-22T15:21:51.2050000Z,2025-04-22T15:21:50.3807121Z,False
BTCUSDT,91210.58000000,0.00006000,2025-04-22T15:21:51.2220000Z,2025-04-22T15:21:50.3835553Z,True
BTCUSDT,91210.58000000,0.00010000,2025-04-22T15:21:51.2220000Z,2025-04-22T15:21:50.3905159Z,True
BTCUSDT,91210.58000000,0.00010000,2025-04-22T15:21:51.2220000Z,2025-04-22T15:21:50.3932117Z,True
BTCUSDT,91210.58000000,0.01474000,2025-04-22T15:21:51.2220000Z,2025-04-22T15:21:50.3958016Z,True
BTCUSDT,91210.58000000,0.02500000,2025-04-22T15:21:51.2230000Z,2025-04-22T15:21:50.3981946Z,True
BTCUSDT,91210.58000000,0.02100000,2025-04-22T15:21:51.2240000Z,2025-04-22T15:21:50.4006700Z,True
BTCUSDT,91210.58000000,0.01500000,2025-04-22T15:21:51.2260000Z,2025-04-22T15:21:50.4035263Z,True
BTCUSDT,91210.58000000,0.02100000,2025-04-22T15:21:51.2270000Z,2025-04-22T15:21:50.4062610Z,True
BTCUSDT,91210.58000000,0.01500000,2025-04-22T15:21:51.2280000Z,2025-04-22T15:21:50.4093560Z,True
BTCUSDT,91210.58000000,0.02100000,2025-04-22T15:21:51.2280000Z,2025-04-22T15:21:50.4121645Z,True
BTCUSDT,91210.58000000,0.01500000,2025-04-22T15:21:51.2280000Z,2025-04-22T15:21:50.4146739Z,True
BTCUSDT,91210.58000000,0.02100000,2025-04-22T15:21:51.2290000Z,2025-04-22T15:21:50.4171762Z,True
BTCUSDT,91210.58000000,0.02500000,2025-04-22T15:21:51.2300000Z,2025-04-22T15:21:50.4203098Z,True
BTCUSDT,91210.58000000,0.02100000,2025-04-22T15:21:51.2300000Z,2025-04-22T15:21:50.4230192Z,True
BTCUSDT,91210.58000000,0.02100000,2025-04-22T15:21:51.2310000Z,2025-04-22T15:21:50.4255854Z,True
BTCUSDT,91210.58000000,0.02100000,2025-04-22T15:21:51.2310000Z,2025-04-22T15:21:50.4284306Z,True
BTCUSDT,91210.58000000,0.02100000,2025-04-22T15:21:51.2320000Z,2025-04-22T15:21:50.4314376Z,True
BTCUSDT,91210.58000000,0.02100000,2025-04-22T15:21:51.2330000Z,2025-04-22T15:21:50.4343025Z,True
BTCUSDT,91210.59000000,0.16000000,2025-04-22T15:21:51.2330000Z,2025-04-22T15:21:50.4367330Z,False
BTCUSDT,91210.58000000,0.01100000,2025-04-22T15:21:51.2390000Z,2025-04-22T15:21:50.4393211Z,True
BTCUSDT,91210.58000000,0.00007000,2025-04-22T15:21:51.2760000Z,2025-04-22T15:21:50.4419607Z,True
BTCUSDT,91210.58000000,0.00006000,2025-04-22T15:21:51.2760000Z,2025-04-22T15:21:50.4447539Z,True
BTCUSDT,91210.58000000,0.00018000,2025-04-22T15:21:51.2780000Z,2025-04-22T15:21:50.4482189Z,True
BTCUSDT,91210.58000000,0.00140000,2025-04-22T15:21:51.2810000Z,2025-04-22T15:21:50.4514524Z,True
BTCUSDT,91210.58000000,0.00201000,2025-04-22T15:21:51.2810000Z,2025-04-22T15:21:50.4541963Z,True
BTCUSDT,91210.58000000,0.01159000,2025-04-22T15:21:51.2810000Z,2025-04-22T15:21:50.4571661Z,True
BTCUSDT,91210.58000000,0.00203000,2025-04-22T15:21:51.3780000Z,2025-04-22T15:21:50.4605193Z,True
BTCUSDT,91210.59000000,0.00038000,2025-04-22T15:21:51.4710000Z,2025-04-22T15:21:50.4645496Z,False
BTCUSDT,91210.58000000,0.26366000,2025-04-22T15:21:51.5110000Z,2025-04-22T15:21:50.4678733Z,True
BTCUSDT,91210.58000000,0.28423000,2025-04-22T15:21:51.5110000Z,2025-04-22T15:21:50.4710218Z,True
BTCUSDT,91210.58000000,0.16171000,2025-04-22T15:21:51.5110000Z,2025-04-22T15:21:50.4747307Z,True
BTCUSDT,91210.58000000,0.00007000,2025-04-22T15:21:51.5110000Z,2025-04-22T15:21:50.4780808Z,True
BTCUSDT,91210.58000000,0.00025000,2025-04-22T15:21:51.5110000Z,2025-04-22T15:21:50.4814606Z,True
BTCUSDT,91210.58000000,0.00164000,2025-04-22T15:21:51.5110000Z,2025-04-22T15:21:50.4844161Z,True
BTCUSDT,91210.58000000,0.00024000,2025-04-22T15:21:51.5110000Z,2025-04-22T15:21:50.4869677Z,True
BTCUSDT,91210.58000000,0.00025000,2025-04-22T15:21:51.5110000Z,2025-04-22T15:21:50.4901492Z,True
BTCUSDT,91210.58000000,0.00010000,2025-04-22T15:21:51.5110000Z,2025-04-22T15:21:50.4926014Z,True
BTCUSDT,91210.58000000,0.00006000,2025-04-22T15:21:51.5110000Z,2025-04-22T15:21:50.4946768Z,True
BTCUSDT,91210.58000000,0.00160000,2025-04-22T15:21:51.5110000Z,2025-04-22T15:21:50.4975622Z,True
BTCUSDT,91210.58000000,0.00006000,2025-04-22T15:21:51.5110000Z,2025-04-22T15:21:50.5000522Z,True
BTCUSDT,91210.58000000,0.00006000,2025-04-22T15:21:51.5110000Z,2025-04-22T15:21:50.5029518Z,True
BTCUSDT,91210.57000000,0.00053000,2025-04-22T15:21:51.5110000Z,2025-04-22T15:21:50.5052892Z,True
BTCUSDT,91210.57000000,0.00075000,2025-04-22T15:21:51.5110000Z,2025-04-22T15:21:50.5076177Z,True
BTCUSDT,91210.52000000,0.00201000,2025-04-22T15:21:51.5110000Z,2025-04-22T15:21:50.5104291Z,True
BTCUSDT,91210.12000000,0.00219000,2025-04-22T15:21:51.5120000Z,2025-04-22T15:21:50.5125939Z,True
BTCUSDT,91210.12000000,0.00219000,2025-04-22T15:21:51.5120000Z,2025-04-22T15:21:50.5154288Z,True
BTCUSDT,91209.93000000,0.00039000,2025-04-22T15:21:51.5120000Z,2025-04-22T15:21:50.5178339Z,True
BTCUSDT,91209.92000000,0.00054000,2025-04-22T15:21:51.5120000Z,2025-04-22T15:21:50.5204005Z,True
BTCUSDT,91207.17000000,0.00202000,2025-04-22T15:21:51.5130000Z,2025-04-22T15:21:50.5233968Z,True
BTCUSDT,91206.02000000,0.00271000,2025-04-22T15:21:51.5180000Z,2025-04-22T15:21:50.5259557Z,True
BTCUSDT,91206.02000000,0.00325000,2025-04-22T15:21:51.5180000Z,2025-04-22T15:21:50.5282425Z,True
BTCUSDT,91206.02000000,0.00006000,2025-04-22T15:21:51.5200000Z,2025-04-22T15:21:50.5308586Z,True
BTCUSDT,91206.02000000,0.00006000,2025-04-22T15:21:51.5200000Z,2025-04-22T15:21:50.5340306Z,True
BTCUSDT,91206.02000000,0.00006000,2025-04-22T15:21:51.5200000Z,2025-04-22T15:21:50.5365361Z,True
BTCUSDT,91206.01000000,0.00023000,2025-04-22T15:21:51.5200000Z,2025-04-22T15:21:50.5394256Z,True
BTCUSDT,91206.02000000,0.00010000,2025-04-22T15:21:51.5210000Z,2025-04-22T15:21:50.5418726Z,True
BTCUSDT,91206.02000000,0.00010000,2025-04-22T15:21:51.5210000Z,2025-04-22T15:21:50.5446808Z,True
BTCUSDT,91205.62000000,0.00006000,2025-04-22T15:21:51.5210000Z,2025-04-22T15:21:50.5472637Z,True
BTCUSDT,91204.18000000,0.00006000,2025-04-22T15:21:51.5210000Z,2025-04-22T15:21:50.5497625Z,True
BTCUSDT,91204.18000000,0.00006000,2025-04-22T15:21:51.5210000Z,2025-04-22T15:21:50.5520779Z,True
BTCUSDT,91204.18000000,0.00006000,2025-04-22T15:21:51.5210000Z,2025-04-22T15:21:50.5546650Z,True
BTCUSDT,91204.17000000,0.00006000,2025-04-22T15:21:51.5210000Z,2025-04-22T15:21:50.5568261Z,True
BTCUSDT,91204.17000000,0.00006000,2025-04-22T15:21:51.5210000Z,2025-04-22T15:21:50.5592991Z,True
BTCUSDT,91204.17000000,0.00009000,2025-04-22T15:21:51.5210000Z,2025-04-22T15:21:50.5616852Z,True
BTCUSDT,91204.17000000,0.00006000,2025-04-22T15:21:51.5210000Z,2025-04-22T15:21:50.5642661Z,True
BTCUSDT,91204.17000000,0.00006000,2025-04-22T15:21:51.5210000Z,2025-04-22T15:21:50.5666169Z,True
BTCUSDT,91204.17000000,0.00006000,2025-04-22T15:21:51.5210000Z,2025-04-22T15:21:50.5689106Z,True
BTCUSDT,91204.17000000,0.00006000,2025-04-22T15:21:51.5210000Z,2025-04-22T15:21:50.5713204Z,True
BTCUSDT,91204.16000000,0.25043000,2025-04-22T15:21:51.5210000Z,2025-04-22T15:21:50.5740059Z,True
BTCUSDT,91204.16000000,0.00006000,2025-04-22T15:21:51.5260000Z,2025-04-22T15:21:50.5762269Z,True
BTCUSDT,91204.16000000,0.00010000,2025-04-22T15:21:51.5260000Z,2025-04-22T15:21:50.5788355Z,True
BTCUSDT,91204.16000000,0.00010000,2025-04-22T15:21:51.5260000Z,2025-04-22T15:21:50.5813300Z,True
BTCUSDT,91204.16000000,0.00006000,2025-04-22T15:21:51.5260000Z,2025-04-22T15:21:50.5838982Z,True
BTCUSDT,91204.16000000,0.00006000,2025-04-22T15:21:51.5260000Z,2025-04-22T15:21:50.5867410Z,True
BTCUSDT,91204.15000000,0.00071000,2025-04-22T15:21:51.5260000Z,2025-04-22T15:21:50.5892512Z,True
BTCUSDT,91204.15000000,0.00009000,2025-04-22T15:21:51.5260000Z,2025-04-22T15:21:50.5918496Z,True
BTCUSDT,91203.03000000,0.00048000,2025-04-22T15:21:51.5260000Z,2025-04-22T15:21:50.5944568Z,True
BTCUSDT,91203.03000000,0.00048000,2025-04-22T15:21:51.5260000Z,2025-04-22T15:21:50.5969322Z,True
BTCUSDT,91201.47000000,0.00045000,2025-04-22T15:21:51.5260000Z,2025-04-22T15:21:50.6000282Z,True
BTCUSDT,91201.46000000,0.00267000,2025-04-22T15:21:51.5260000Z,2025-04-22T15:21:50.6024099Z,True
BTCUSDT,91201.00000000,0.00110000,2025-04-22T15:21:51.5260000Z,2025-04-22T15:21:50.6049332Z,True
BTCUSDT,91201.00000000,0.00032000,2025-04-22T15:21:51.5260000Z,2025-04-22T15:21:50.6072384Z,True
BTCUSDT,91201.00000000,0.00077000,2025-04-22T15:21:51.5260000Z,2025-04-22T15:21:50.6095442Z,True
BTCUSDT,91201.00000000,0.00010000,2025-04-22T15:21:51.5260000Z,2025-04-22T15:21:50.6116178Z,True
BTCUSDT,91201.00000000,0.00100000,2025-04-22T15:21:51.5260000Z,2025-04-22T15:21:50.6140860Z,True
BTCUSDT,91201.00000000,0.00109000,2025-04-22T15:21:51.5260000Z,2025-04-22T15:21:50.6161236Z,True
BTCUSDT,91201.00000000,0.00126000,2025-04-22T15:21:51.5260000Z,2025-04-22T15:21:50.6188298Z,True
BTCUSDT,91200.01000000,0.06390000,2025-04-22T15:21:51.5260000Z,2025-04-22T15:21:50.6214095Z,True
BTCUSDT,91200.01000000,0.08920000,2025-04-22T15:21:51.5260000Z,2025-04-22T15:21:50.6236557Z,True
BTCUSDT,91200.00000000,0.00006000,2025-04-22T15:21:51.5270000Z,2025-04-22T15:21:50.6262201Z,True
BTCUSDT,91200.00000000,0.01453000,2025-04-22T15:21:51.5270000Z,2025-04-22T15:21:50.6286164Z,True
BTCUSDT,91200.00000000,0.01480000,2025-04-22T15:21:51.5280000Z,2025-04-22T15:21:50.6313048Z,True
BTCUSDT,91200.00000000,0.01500000,2025-04-22T15:21:51.5280000Z,2025-04-22T15:21:50.6374816Z,True
BTCUSDT,91200.00000000,0.01809000,2025-04-22T15:21:51.5300000Z,2025-04-22T15:21:50.6401679Z,True
BTCUSDT,91200.00000000,0.00291000,2025-04-22T15:21:51.5300000Z,2025-04-22T15:21:50.6428964Z,True
BTCUSDT,91200.00000000,0.00648000,2025-04-22T15:21:51.5310000Z,2025-04-22T15:21:50.6451786Z,True
BTCUSDT,91200.00000000,0.00008000,2025-04-22T15:21:51.5310000Z,2025-04-22T15:21:50.6476194Z,True
BTCUSDT,91200.00000000,0.00010000,2025-04-22T15:21:51.5310000Z,2025-04-22T15:21:50.6502933Z,True
BTCUSDT,91200.00000000,0.00200000,2025-04-22T15:21:51.5310000Z,2025-04-22T15:21:50.6523153Z,True
BTCUSDT,91200.00000000,0.00015000,2025-04-22T15:21:51.5310000Z,2025-04-22T15:21:50.6550518Z,True
BTCUSDT,91200.00000000,0.00499000,2025-04-22T15:21:51.5310000Z,2025-04-22T15:21:50.6573807Z,True
BTCUSDT,91200.00000000,0.00006000,2025-04-22T15:21:51.5310000Z,2025-04-22T15:21:50.6600292Z,True
BTCUSDT,91200.00000000,0.00714000,2025-04-22T15:21:51.5310000Z,2025-04-22T15:21:50.6624340Z,True
BTCUSDT,91200.00000000,0.02100000,2025-04-22T15:21:51.5310000Z,2025-04-22T15:21:50.6652469Z,True
BTCUSDT,91200.00000000,0.01571000,2025-04-22T15:21:51.5310000Z,2025-04-22T15:21:50.6679693Z,True
BTCUSDT,91200.00000000,0.00162000,2025-04-22T15:21:51.5310000Z,2025-04-22T15:21:50.6708153Z,True
BTCUSDT,91200.00000000,0.00767000,2025-04-22T15:21:51.5310000Z,2025-04-22T15:21:50.6727286Z,True
BTCUSDT,91200.00000000,0.00073000,2025-04-22T15:21:51.5320000Z,2025-04-22T15:21:50.6745761Z,True
BTCUSDT,91200.00000000,0.02027000,2025-04-22T15:21:51.5320000Z,2025-04-22T15:21:50.6766296Z,True
BTCUSDT,91200.00000000,0.02100000,2025-04-22T15:21:51.5330000Z,2025-04-22T15:21:50.6791888Z,True
BTCUSDT,91200.01000000,0.02330000,2025-04-22T15:21:51.6470000Z,2025-04-22T15:21:50.6817858Z,False
BTCUSDT,91200.01000000,0.08867000,2025-04-22T15:21:51.6470000Z,2025-04-22T15:21:50.6848909Z,False
BTCUSDT,91200.01000000,0.01193000,2025-04-22T15:21:51.6860000Z,2025-04-22T15:21:50.6876494Z,False
BTCUSDT,91200.01000000,0.05232000,2025-04-22T15:21:51.7030000Z,2025-04-22T15:21:50.6912778Z,False
BTCUSDT,91200.00000000,0.01000000,2025-04-22T15:21:51.7170000Z,2025-04-22T15:21:50.6943122Z,True
BTCUSDT,91200.00000000,0.01000000,2025-04-22T15:21:51.7170000Z,2025-04-22T15:21:50.6971103Z,True
BTCUSDT,91200.00000000,0.00451000,2025-04-22T15:21:51.7170000Z,2025-04-22T15:21:50.6999302Z,True
BTCUSDT,91200.00000000,0.00126000,2025-04-22T15:21:51.7170000Z,2025-04-22T15:21:50.7025879Z,True
BTCUSDT,91200.00000000,0.00423000,2025-04-22T15:21:51.7170000Z,2025-04-22T15:21:50.7051684Z,True
BTCUSDT,91200.00000000,0.01000000,2025-04-22T15:21:51.7170000Z,2025-04-22T15:21:50.7081552Z,True
BTCUSDT,91200.00000000,0.01000000,2025-04-22T15:21:51.7170000Z,2025-04-22T15:21:50.7107901Z,True
BTCUSDT,91200.00000000,0.15474000,2025-04-22T15:21:51.7240000Z,2025-04-22T15:21:50.7134424Z,True
BTCUSDT,91200.00000000,0.04032000,2025-04-22T15:21:51.7240000Z,2025-04-22T15:21:50.7159100Z,True
BTCUSDT,91200.00000000,0.01000000,2025-04-22T15:21:51.7240000Z,2025-04-22T15:21:50.7186229Z,True
BTCUSDT,91200.00000000,0.00547000,2025-04-22T15:21:51.7240000Z,2025-04-22T15:21:50.7213481Z,True
BTCUSDT,91200.00000000,0.00019000,2025-04-22T15:21:51.7240000Z,2025-04-22T15:21:50.7242066Z,True
BTCUSDT,91200.00000000,0.03851000,2025-04-22T15:21:51.7240000Z,2025-04-22T15:21:50.7268451Z,True
BTCUSDT,91200.00000000,0.03654000,2025-04-22T15:21:51.7240000Z,2025-04-22T15:21:50.7298451Z,True
BTCUSDT,91200.00000000,0.00006000,2025-04-22T15:21:51.7240000Z,2025-04-22T15:21:50.7324877Z,True
BTCUSDT,91200.00000000,0.00164000,2025-04-22T15:21:51.7240000Z,2025-04-22T15:21:50.7354110Z,True
BTCUSDT,91200.00000000,0.00025000,2025-04-22T15:21:51.7240000Z,2025-04-22T15:21:50.7379679Z,True
BTCUSDT,91200.00000000,0.00024000,2025-04-22T15:21:51.7240000Z,2025-04-22T15:21:50.7410856Z,True
BTCUSDT,91200.00000000,0.07599000,2025-04-22T15:21:51.7240000Z,2025-04-22T15:21:50.7441392Z,True
BTCUSDT,91200.00000000,0.07118000,2025-04-22T15:21:51.8160000Z,2025-04-22T15:21:50.7470868Z,True
BTCUSDT,91200.00000000,0.31360000,2025-04-22T15:21:51.8320000Z,2025-04-22T15:21:50.7501543Z,True
BTCUSDT,91200.00000000,0.26253000,2025-04-22T15:21:51.8320000Z,2025-04-22T15:21:50.7528452Z,True
BTCUSDT,91200.00000000,0.01650000,2025-04-22T15:21:51.8320000Z,2025-04-22T15:21:50.7552233Z,True
BTCUSDT,91200.00000000,0.00890000,2025-04-22T15:21:51.8320000Z,2025-04-22T15:21:50.7577432Z,True
BTCUSDT,91200.00000000,0.00024000,2025-04-22T15:21:51.8320000Z,2025-04-22T15:21:50.7607349Z,True
BTCUSDT,91200.00000000,0.00164000,2025-04-22T15:21:51.8320000Z,2025-04-22T15:21:50.7637771Z,True
BTCUSDT,91200.00000000,0.00025000,2025-04-22T15:21:51.8320000Z,2025-04-22T15:21:50.7665549Z,True
BTCUSDT,91200.00000000,0.00024000,2025-04-22T15:21:51.8320000Z,2025-04-22T15:21:50.7690615Z,True
BTCUSDT,91199.99000000,0.00061000,2025-04-22T15:21:51.8320000Z,2025-04-22T15:21:50.7720045Z,True
BTCUSDT,91199.99000000,0.00021000,2025-04-22T15:21:51.8320000Z,2025-04-22T15:21:50.7751980Z,True
BTCUSDT,91198.66000000,0.00525000,2025-04-22T15:21:51.8330000Z,2025-04-22T15:21:50.7779632Z,True
BTCUSDT,91198.35000000,0.00006000,2025-04-22T15:21:51.8330000Z,2025-04-22T15:21:50.7815634Z,True
BTCUSDT,91197.45000000,0.00070000,2025-04-22T15:21:51.8330000Z,2025-04-22T15:21:50.7844033Z,True
BTCUSDT,91197.44000000,0.00006000,2025-04-22T15:21:51.8330000Z,2025-04-22T15:21:50.7869716Z,True
BTCUSDT,91196.64000000,0.00009000,2025-04-22T15:21:51.8330000Z,2025-04-22T15:21:50.7896461Z,True
BTCUSDT,91196.32000000,0.03840000,2025-04-22T15:21:51.8360000Z,2025-04-22T15:21:50.7922702Z,False
BTCUSDT,91196.31000000,0.00720000,2025-04-22T15:21:51.8390000Z,2025-04-22T15:21:50.7949306Z,True
BTCUSDT,91196.31000000,0.00005000,2025-04-22T15:21:51.8390000Z,2025-04-22T15:21:50.7978802Z,True
BTCUSDT,91196.31000000,0.00010000,2025-04-22T15:21:51.8410000Z,2025-04-22T15:21:50.8013795Z,True
BTCUSDT,91196.31000000,0.00006000,2025-04-22T15:21:51.8410000Z,2025-04-22T15:21:50.8043723Z,True
BTCUSDT,91196.31000000,0.00006000,2025-04-22T15:21:51.8410000Z,2025-04-22T15:21:50.8077576Z,True
BTCUSDT,91196.31000000,0.00006000,2025-04-22T15:21:51.8410000Z,2025-04-22T15:21:50.8111675Z,True
BTCUSDT,91196.30000000,0.00018000,2025-04-22T15:21:51.8410000Z,2025-04-22T15:21:50.8143335Z,True
BTCUSDT,91196.30000000,0.00053000,2025-04-22T15:21:51.8410000Z,2025-04-22T15:21:50.8179501Z,True
BTCUSDT,91196.01000000,0.00035000,2025-04-22T15:21:51.8410000Z,2025-04-22T15:21:50.8210094Z,True
BTCUSDT,91196.01000000,0.00035000,2025-04-22T15:21:51.8410000Z,2025-04-22T15:21:50.8248222Z,True
BTCUSDT,91196.00000000,0.00010000,2025-04-22T15:21:51.8410000Z,2025-04-22T15:21:50.8276284Z,True
BTCUSDT,91196.00000000,0.00003000,2025-04-22T15:21:51.8410000Z,2025-04-22T15:21:50.8307463Z,True
BTCUSDT,91196.01000000,0.00010000,2025-04-22T15:21:51.8430000Z,2025-04-22T15:21:50.8332472Z,True
BTCUSDT,91196.00000000,0.00197000,2025-04-22T15:21:51.8430000Z,2025-04-22T15:21:50.8361936Z,True
BTCUSDT,91196.00000000,0.00015000,2025-04-22T15:21:51.8430000Z,2025-04-22T15:21:50.8389323Z,True
BTCUSDT,91196.00000000,0.00006000,2025-04-22T15:21:51.8430000Z,2025-04-22T15:21:50.8417318Z,True
BTCUSDT,91196.00000000,0.00006000,2025-04-22T15:21:51.8430000Z,2025-04-22T15:21:50.8447432Z,True
BTCUSDT,91196.00000000,0.00006000,2025-04-22T15:21:51.8430000Z,2025-04-22T15:21:50.8476793Z,True
BTCUSDT,91195.44000000,0.00024000,2025-04-22T15:21:51.8430000Z,2025-04-22T15:21:50.8507884Z,True
BTCUSDT,91195.30000000,0.00666000,2025-04-22T15:21:51.8430000Z,2025-04-22T15:21:50.8536666Z,True
BTCUSDT,91193.85000000,0.00010000,2025-04-22T15:21:51.8450000Z,2025-04-22T15:21:50.8569689Z,True
BTCUSDT,91192.48000000,0.00016000,2025-04-22T15:21:51.8450000Z,2025-04-22T15:21:50.8596217Z,True
BTCUSDT,91192.41000000,0.00006000,2025-04-22T15:21:51.8450000Z,2025-04-22T15:21:50.8630051Z,True
BTCUSDT,91192.00000000,0.00010000,2025-04-22T15:21:51.8450000Z,2025-04-22T15:21:50.8662773Z,True
BTCUSDT,91192.00000000,0.00200000,2025-04-22T15:21:51.8450000Z,2025-04-22T15:21:50.8690740Z,True
BTCUSDT,91192.00000000,0.00015000,2025-04-22T15:21:51.8450000Z,2025-04-22T15:21:50.8722979Z,True
BTCUSDT,91191.72000000,0.00300000,2025-04-22T15:21:51.8450000Z,2025-04-22T15:21:50.8751608Z,True
BTCUSDT,91191.35000000,0.00006000,2025-04-22T15:21:51.8450000Z,2025-04-22T15:21:50.8780130Z,True
BTCUSDT,91190.88000000,0.00267000,2025-04-22T15:21:51.8450000Z,2025-04-22T15:21:50.8809783Z,True
BTCUSDT,91190.63000000,0.01633000,2025-04-22T15:21:51.8660000Z,2025-04-22T15:21:50.8840731Z,False
BTCUSDT,91190.63000000,0.01757000,2025-04-22T15:21:51.8990000Z,2025-04-22T15:21:50.8876298Z,False
BTCUSDT,91190.63000000,0.01049000,2025-04-22T15:21:51.9530000Z,2025-04-22T15:21:50.8905633Z,False
BTCUSDT,91190.63000000,0.00935000,2025-04-22T15:21:51.9880000Z,2025-04-22T15:21:50.8937102Z,False
BTCUSDT,91190.62000000,0.00006000,2025-04-22T15:21:51.9950000Z,2025-04-22T15:21:50.8996555Z,True
BTCUSDT,91190.62000000,0.00010000,2025-04-22T15:21:51.9950000Z,2025-04-22T15:21:50.9018969Z,True
BTCUSDT,91190.62000000,0.00343000,2025-04-22T15:21:51.9950000Z,2025-04-22T15:21:50.9048091Z,True
BTCUSDT,91190.63000000,0.02482000,2025-04-22T15:21:52.0370000Z,2025-04-22T15:21:50.9071838Z,False
BTCUSDT,91190.63000000,0.00109000,2025-04-22T15:21:52.0510000Z,2025-04-22T15:21:50.9107561Z,False
BTCUSDT,91190.63000000,0.00977000,2025-04-22T15:21:52.1080000Z,2025-04-22T15:21:50.9134058Z,False
BTCUSDT,91190.63000000,0.01000000,2025-04-22T15:21:52.1290000Z,2025-04-22T15:21:50.9347271Z,False
BTCUSDT,91190.63000000,0.01333000,2025-04-22T15:21:52.1400000Z,2025-04-22T15:21:50.9459961Z,False
BTCUSDT,91190.63000000,0.00365000,2025-04-22T15:21:52.1670000Z,2025-04-22T15:21:50.9728291Z,False
BTCUSDT,91190.63000000,0.01096000,2025-04-22T15:21:52.2430000Z,2025-04-22T15:21:51.0484850Z,False
BTCUSDT,91190.62000000,0.02100000,2025-04-22T15:21:52.2930000Z,2025-04-22T15:21:51.0983647Z,True
BTCUSDT,91190.62000000,0.00213000,2025-04-22T15:21:52.3220000Z,2025-04-22T15:21:51.1276547Z,True
BTCUSDT,91190.62000000,0.00007000,2025-04-22T15:21:52.4170000Z,2025-04-22T15:21:51.2228615Z,True
BTCUSDT,91190.62000000,0.02100000,2025-04-22T15:21:52.5050000Z,2025-04-22T15:21:51.3105193Z,True
BTCUSDT,91190.63000000,0.14079000,2025-04-22T15:21:52.6120000Z,2025-04-22T15:21:51.4178814Z,False
BTCUSDT,91190.63000000,0.00006000,2025-04-22T15:21:52.6120000Z,2025-04-22T15:21:51.4208108Z,False
BTCUSDT,91190.63000000,0.00588000,2025-04-22T15:21:52.6120000Z,2025-04-22T15:21:51.4234853Z,False
BTCUSDT,91190.63000000,0.01224000,2025-04-22T15:21:52.6510000Z,2025-04-22T15:21:51.4562039Z,False
BTCUSDT,91190.63000000,0.01467000,2025-04-22T15:21:52.6530000Z,2025-04-22T15:21:51.4588083Z,False
BTCUSDT,91190.63000000,0.00053000,2025-04-22T15:21:52.6670000Z,2025-04-22T15:21:51.4732846Z,False
BTCUSDT,91190.63000000,0.04668000,2025-04-22T15:21:52.6680000Z,2025-04-22T15:21:51.4782122Z,False
BTCUSDT,91190.63000000,0.16000000,2025-04-22T15:21:52.6680000Z,2025-04-22T15:21:51.4802590Z,False
BTCUSDT,91190.63000000,0.16000000,2025-04-22T15:21:52.6680000Z,2025-04-22T15:21:51.4833413Z,False
BTCUSDT,91190.63000000,0.32000000,2025-04-22T15:21:52.6680000Z,2025-04-22T15:21:51.4856155Z,False
BTCUSDT,91190.63000000,0.56360000,2025-04-22T15:21:52.6680000Z,2025-04-22T15:21:51.4881722Z,False
BTCUSDT,91190.63000000,0.01096000,2025-04-22T15:21:52.6680000Z,2025-04-22T15:21:51.4901184Z,False
BTCUSDT,91190.63000000,0.00164000,2025-04-22T15:21:52.6680000Z,2025-04-22T15:21:51.4919850Z,False
BTCUSDT,91190.63000000,0.06579000,2025-04-22T15:21:52.6680000Z,2025-04-22T15:21:51.4941551Z,False
BTCUSDT,91190.63000000,0.06579000,2025-04-22T15:21:52.6680000Z,2025-04-22T15:21:51.4966126Z,False
BTCUSDT,91190.63000000,0.06573000,2025-04-22T15:21:52.6680000Z,2025-04-22T15:21:51.4991732Z,False
BTCUSDT,91190.63000000,0.00024000,2025-04-22T15:21:52.6680000Z,2025-04-22T15:21:51.5013478Z,False
BTCUSDT,91190.63000000,0.06579000,2025-04-22T15:21:52.6680000Z,2025-04-22T15:21:51.5033942Z,False
BTCUSDT,91190.63000000,0.06579000,2025-04-22T15:21:52.6680000Z,2025-04-22T15:21:51.5054053Z,False
BTCUSDT,91190.63000000,0.06579000,2025-04-22T15:21:52.6680000Z,2025-04-22T15:21:51.5074290Z,False
BTCUSDT,91190.63000000,0.06579000,2025-04-22T15:21:52.6680000Z,2025-04-22T15:21:51.5097671Z,False
BTCUSDT,91190.63000000,0.06579000,2025-04-22T15:21:52.6680000Z,2025-04-22T15:21:51.5121644Z,False
BTCUSDT,91190.63000000,0.52246000,2025-04-22T15:21:52.6680000Z,2025-04-22T15:21:51.5141808Z,False
BTCUSDT,91190.63000000,0.04000000,2025-04-22T15:21:52.6680000Z,2025-04-22T15:21:51.5168377Z,False
BTCUSDT,91190.63000000,0.00024000,2025-04-22T15:21:52.6680000Z,2025-04-22T15:21:51.5227911Z,False
BTCUSDT,91190.63000000,0.00025000,2025-04-22T15:21:52.6680000Z,2025-04-22T15:21:51.5254735Z,False
BTCUSDT,91190.63000000,0.06579000,2025-04-22T15:21:52.6680000Z,2025-04-22T15:21:51.5277738Z,False
BTCUSDT,91190.63000000,0.00090000,2025-04-22T15:21:52.6680000Z,2025-04-22T15:21:51.5302943Z,False
BTCUSDT,91190.63000000,0.00096000,2025-04-22T15:21:52.6680000Z,2025-04-22T15:21:51.5332452Z,False
BTCUSDT,91190.63000000,0.00090000,2025-04-22T15:21:52.6680000Z,2025-04-22T15:21:51.5358168Z,False
BTCUSDT,91190.63000000,0.02740000,2025-04-22T15:21:52.6680000Z,2025-04-22T15:21:51.5384358Z,False
BTCUSDT,91190.63000000,0.00270000,2025-04-22T15:21:52.6680000Z,2025-04-22T15:21:51.5406810Z,False
BTCUSDT,91190.63000000,0.00992000,2025-04-22T15:21:52.6680000Z,2025-04-22T15:21:51.5436333Z,False
BTCUSDT,91190.63000000,0.00900000,2025-04-22T15:21:52.6680000Z,2025-04-22T15:21:51.5457227Z,False
BTCUSDT,91190.63000000,0.00142000,2025-04-22T15:21:52.6680000Z,2025-04-22T15:21:51.5482018Z,False
BTCUSDT,91190.63000000,0.00141000,2025-04-22T15:21:52.6680000Z,2025-04-22T15:21:51.5510521Z,False
BTCUSDT,91190.63000000,0.02193000,2025-04-22T15:21:52.6680000Z,2025-04-22T15:21:51.5532393Z,False
BTCUSDT,91190.63000000,0.00040000,2025-04-22T15:21:52.6680000Z,2025-04-22T15:21:51.5550429Z,False
BTCUSDT,91190.63000000,0.06000000,2025-04-22T15:21:52.6680000Z,2025-04-22T15:21:51.5569677Z,False
BTCUSDT,91190.63000000,0.19086000,2025-04-22T15:21:52.6680000Z,2025-04-22T15:21:51.5595067Z,False
BTCUSDT,91190.63000000,0.00030000,2025-04-22T15:21:52.6680000Z,2025-04-22T15:21:51.5623655Z,False
BTCUSDT,91190.63000000,0.25000000,2025-04-22T15:21:52.6680000Z,2025-04-22T15:21:51.5648420Z,False
BTCUSDT,91190.63000000,0.29017000,2025-04-22T15:21:52.6680000Z,2025-04-22T15:21:51.5675877Z,False
BTCUSDT,91190.63000000,0.00010000,2025-04-22T15:21:52.6680000Z,2025-04-22T15:21:51.5699933Z,False
BTCUSDT,91190.63000000,0.17249000,2025-04-22T15:21:52.6680000Z,2025-04-22T15:21:51.5729377Z,False
BTCUSDT,91190.63000000,0.04000000,2025-04-22T15:21:52.6680000Z,2025-04-22T15:21:51.5758469Z,False
BTCUSDT,91190.63000000,0.00548000,2025-04-22T15:21:52.6680000Z,2025-04-22T15:21:51.5785625Z,False
BTCUSDT,91190.63000000,0.00548000,2025-04-22T15:21:52.6680000Z,2025-04-22T15:21:51.5813837Z,False
BTCUSDT,91190.63000000,0.00006000,2025-04-22T15:21:52.6680000Z,2025-04-22T15:21:51.5844122Z,False
BTCUSDT,91190.63000000,0.00006000,2025-04-22T15:21:52.6680000Z,2025-04-22T15:21:51.5873407Z,False
BTCUSDT,91190.63000000,0.00400000,2025-04-22T15:21:52.6680000Z,2025-04-22T15:21:51.5899541Z,False
BTCUSDT,91190.63000000,0.03300000,2025-04-22T15:21:52.6680000Z,2025-04-22T15:21:51.5933806Z,False
BTCUSDT,91190.63000000,0.03300000,2025-04-22T15:21:52.6680000Z,2025-04-22T15:21:51.5965503Z,False
BTCUSDT,91190.63000000,0.00006000,2025-04-22T15:21:52.6680000Z,2025-04-22T15:21:51.6001381Z,False
BTCUSDT,91190.63000000,0.00006000,2025-04-22T15:21:52.6680000Z,2025-04-22T15:21:51.6033224Z,False
BTCUSDT,91190.63000000,0.00006000,2025-04-22T15:21:52.6680000Z,2025-04-22T15:21:51.6058751Z,False
BTCUSDT,91193.31000000,0.00548000,2025-04-22T15:21:52.6680000Z,2025-04-22T15:21:51.6084250Z,False
BTCUSDT,91193.84000000,0.00006000,2025-04-22T15:21:52.6680000Z,2025-04-22T15:21:51.6107572Z,False
BTCUSDT,91193.84000000,0.00006000,2025-04-22T15:21:52.6680000Z,2025-04-22T15:21:51.6129766Z,False
BTCUSDT,91193.84000000,0.00006000,2025-04-22T15:21:52.6680000Z,2025-04-22T15:21:51.6158711Z,False
BTCUSDT,91193.85000000,0.17648000,2025-04-22T15:21:52.6680000Z,2025-04-22T15:21:51.6183606Z,False
BTCUSDT,91193.85000000,0.00006000,2025-04-22T15:21:52.6680000Z,2025-04-22T15:21:51.6213508Z,False
BTCUSDT,91193.85000000,0.00006000,2025-04-22T15:21:52.6680000Z,2025-04-22T15:21:51.6238136Z,False
BTCUSDT,91193.85000000,0.00006000,2025-04-22T15:21:52.6680000Z,2025-04-22T15:21:51.6261288Z,False
BTCUSDT,91193.85000000,0.00006000,2025-04-22T15:21:52.6680000Z,2025-04-22T15:21:51.6284101Z,False
BTCUSDT,91193.85000000,0.00006000,2025-04-22T15:21:52.6680000Z,2025-04-22T15:21:51.6309512Z,False
BTCUSDT,91193.85000000,0.00006000,2025-04-22T15:21:52.6680000Z,2025-04-22T15:21:51.6336950Z,False
BTCUSDT,91193.86000000,0.54805000,2025-04-22T15:21:52.6680000Z,2025-04-22T15:21:51.6360910Z,False
BTCUSDT,91193.86000000,0.04020000,2025-04-22T15:21:52.6680000Z,2025-04-22T15:21:51.6390940Z,False
BTCUSDT,91193.86000000,0.00006000,2025-04-22T15:21:52.6680000Z,2025-04-22T15:21:51.6414719Z,False
BTCUSDT,91193.86000000,0.00006000,2025-04-22T15:21:52.6680000Z,2025-04-22T15:21:51.6439806Z,False
BTCUSDT,91193.86000000,0.00006000,2025-04-22T15:21:52.6680000Z,2025-04-22T15:21:51.6463847Z,False
BTCUSDT,91194.09000000,0.00548000,2025-04-22T15:21:52.6680000Z,2025-04-22T15:21:51.6492012Z,False
BTCUSDT,91194.70000000,0.00006000,2025-04-22T15:21:52.6680000Z,2025-04-22T15:21:51.6518809Z,False
BTCUSDT,91195.19000000,0.00024000,2025-04-22T15:21:52.6680000Z,2025-04-22T15:21:51.6545428Z,False
BTCUSDT,91195.19000000,0.00267000,2025-04-22T15:21:52.6680000Z,2025-04-22T15:21:51.6569571Z,False
BTCUSDT,91195.20000000,0.03220000,2025-04-22T15:21:52.6680000Z,2025-04-22T15:21:51.6594488Z,False
BTCUSDT,91195.20000000,0.02161000,2025-04-22T15:21:52.6680000Z,2025-04-22T15:21:51.6642145Z,False
BTCUSDT,91196.00000000,0.00006000,2025-04-22T15:21:52.6680000Z,2025-04-22T15:21:51.6664753Z,False
BTCUSDT,91196.00000000,0.00006000,2025-04-22T15:21:52.6680000Z,2025-04-22T15:21:51.6695128Z,False
BTCUSDT,91196.00000000,0.00006000,2025-04-22T15:21:52.6680000Z,2025-04-22T15:21:51.6722818Z,False
BTCUSDT,91196.49000000,0.00548000,2025-04-22T15:21:52.6680000Z,2025-04-22T15:21:51.6743709Z,False
BTCUSDT,91196.98000000,0.02985000,2025-04-22T15:21:52.6680000Z,2025-04-22T15:21:51.6762748Z,False
BTCUSDT,91196.98000000,0.00006000,2025-04-22T15:21:52.6680000Z,2025-04-22T15:21:51.6784550Z,False
BTCUSDT,91196.98000000,0.00006000,2025-04-22T15:21:52.6680000Z,2025-04-22T15:21:51.6804961Z,False
BTCUSDT,91196.98000000,0.00006000,2025-04-22T15:21:52.6680000Z,2025-04-22T15:21:51.6837882Z,False
BTCUSDT,91196.98000000,0.00006000,2025-04-22T15:21:52.6680000Z,2025-04-22T15:21:51.6871118Z,False
BTCUSDT,91196.98000000,0.00006000,2025-04-22T15:21:52.6680000Z,2025-04-22T15:21:51.6906872Z,False
BTCUSDT,91196.98000000,0.00006000,2025-04-22T15:21:52.6680000Z,2025-04-22T15:21:51.6949184Z,False
BTCUSDT,91197.79000000,0.08532000,2025-04-22T15:21:52.6680000Z,2025-04-22T15:21:51.6980815Z,False
BTCUSDT,91197.79000000,0.00006000,2025-04-22T15:21:52.6680000Z,2025-04-22T15:21:51.7007231Z,False
BTCUSDT,91197.79000000,0.00006000,2025-04-22T15:21:52.6680000Z,2025-04-22T15:21:51.7036573Z,False
BTCUSDT,91197.79000000,0.00006000,2025-04-22T15:21:52.6680000Z,2025-04-22T15:21:51.7070094Z,False
BTCUSDT,91198.66000000,0.01000000,2025-04-22T15:21:52.6680000Z,2025-04-22T15:21:51.7101434Z,False
BTCUSDT,91198.67000000,0.06282000,2025-04-22T15:21:52.6680000Z,2025-04-22T15:21:51.7131561Z,False
BTCUSDT,91198.67000000,0.00006000,2025-04-22T15:21:52.6680000Z,2025-04-22T15:21:51.7164932Z,False
BTCUSDT,91198.67000000,0.00006000,2025-04-22T15:21:52.6680000Z,2025-04-22T15:21:51.7196916Z,False
BTCUSDT,91198.67000000,0.00006000,2025-04-22T15:21:52.6680000Z,2025-04-22T15:21:51.7221031Z,False
BTCUSDT,91198.86000000,0.00450000,2025-04-22T15:21:52.6680000Z,2025-04-22T15:21:51.7249160Z,False
BTCUSDT,91199.75000000,0.00267000,2025-04-22T15:21:52.6680000Z,2025-04-22T15:21:51.7274834Z,False
BTCUSDT,91199.99000000,0.20448000,2025-04-22T15:21:52.6680000Z,2025-04-22T15:21:51.7303412Z,False
BTCUSDT,91199.99000000,0.00006000,2025-04-22T15:21:52.6680000Z,2025-04-22T15:21:51.7326858Z,False
BTCUSDT,91199.99000000,0.00006000,2025-04-22T15:21:52.6680000Z,2025-04-22T15:21:51.7352258Z,False
BTCUSDT,91199.99000000,0.00006000,2025-04-22T15:21:52.6680000Z,2025-04-22T15:21:51.7370738Z,False
BTCUSDT,91200.00000000,0.00006000,2025-04-22T15:21:52.6680000Z,2025-04-22T15:21:51.7389121Z,False
BTCUSDT,91200.01000000,0.04254000,2025-04-22T15:21:52.6680000Z,2025-04-22T15:21:51.7409993Z,False
BTCUSDT,91200.01000000,0.13777000,2025-04-22T15:21:52.6680000Z,2025-04-22T15:21:51.7434758Z,False
BTCUSDT,91200.01000000,0.00009000,2025-04-22T15:21:52.7680000Z,2025-04-22T15:21:51.7463772Z,False
BTCUSDT,91200.01000000,0.00030000,2025-04-22T15:21:52.7760000Z,2025-04-22T15:21:51.7490022Z,False
BTCUSDT,91200.01000000,0.01385000,2025-04-22T15:21:52.8280000Z,2025-04-22T15:21:51.7515799Z,False
BTCUSDT,91200.01000000,0.01472000,2025-04-22T15:21:52.8740000Z,2025-04-22T15:21:51.7540571Z,False
BTCUSDT,91200.00000000,0.00093000,2025-04-22T15:21:52.9480000Z,2025-04-22T15:21:51.7563858Z,True
BTCUSDT,91200.00000000,0.08682000,2025-04-22T15:21:52.9480000Z,2025-04-22T15:21:51.7585636Z,True
BTCUSDT,91200.00000000,0.17622000,2025-04-22T15:21:52.9480000Z,2025-04-22T15:21:51.7607251Z,True
BTCUSDT,91200.00000000,0.72330000,2025-04-22T15:21:52.9480000Z,2025-04-22T15:21:51.7633349Z,True
BTCUSDT,91200.00000000,0.00068000,2025-04-22T15:21:52.9480000Z,2025-04-22T15:21:51.7657637Z,True
BTCUSDT,91200.00000000,0.00164000,2025-04-22T15:21:52.9480000Z,2025-04-22T15:21:51.7683630Z,True
BTCUSDT,91200.00000000,0.00050000,2025-04-22T15:21:52.9480000Z,2025-04-22T15:21:51.7705974Z,True
BTCUSDT,91200.00000000,0.00025000,2025-04-22T15:21:52.9480000Z,2025-04-22T15:21:51.7729454Z,True
BTCUSDT,91200.00000000,0.00201000,2025-04-22T15:21:52.9480000Z,2025-04-22T15:21:51.7748157Z,True
BTCUSDT,91200.00000000,0.00025000,2025-04-22T15:21:52.9480000Z,2025-04-22T15:21:51.7772182Z,True
BTCUSDT,91200.00000000,0.00024000,2025-04-22T15:21:52.9480000Z,2025-04-22T15:21:51.7802269Z,True
BTCUSDT,91200.00000000,0.00010000,2025-04-22T15:21:52.9480000Z,2025-04-22T15:21:51.7822914Z,True
BTCUSDT,91200.00000000,0.00006000,2025-04-22T15:21:52.9480000Z,2025-04-22T15:21:51.7843030Z,True
BTCUSDT,91200.00000000,0.00032000,2025-04-22T15:21:52.9480000Z,2025-04-22T15:21:51.7864478Z,True
BTCUSDT,91200.00000000,0.00006000,2025-04-22T15:21:52.9480000Z,2025-04-22T15:21:51.7886391Z,True
BTCUSDT,91200.00000000,0.00006000,2025-04-22T15:21:52.9480000Z,2025-04-22T15:21:51.7909894Z,True
BTCUSDT,91199.99000000,0.00562000,2025-04-22T15:21:52.9480000Z,2025-04-22T15:21:51.7935394Z,True
BTCUSDT,91199.99000000,0.00024000,2025-04-22T15:21:52.9480000Z,2025-04-22T15:21:51.7958528Z,True
BTCUSDT,91199.88000000,0.00201000,2025-04-22T15:21:52.9480000Z,2025-04-22T15:21:51.7981961Z,True
BTCUSDT,91195.44000000,0.00270000,2025-04-22T15:21:52.9500000Z,2025-04-22T15:21:51.8004946Z,True
BTCUSDT,91195.44000000,0.00024000,2025-04-22T15:21:52.9500000Z,2025-04-22T15:21:51.8028696Z,True
BTCUSDT,91195.01000000,0.00007000,2025-04-22T15:21:52.9500000Z,2025-04-22T15:21:51.8052877Z,True
BTCUSDT,91192.35000000,0.00201000,2025-04-22T15:21:52.9500000Z,2025-04-22T15:21:51.8080705Z,True
BTCUSDT,91190.88000000,0.00267000,2025-04-22T15:21:52.9500000Z,2025-04-22T15:21:51.8125073Z,True
BTCUSDT,91190.63000000,0.00027000,2025-04-22T15:21:52.9500000Z,2025-04-22T15:21:51.8150502Z,True
BTCUSDT,91190.63000000,0.00027000,2025-04-22T15:21:52.9500000Z,2025-04-22T15:21:51.8171359Z,True
BTCUSDT,91190.63000000,0.02326000,2025-04-22T15:21:52.9520000Z,2025-04-22T15:21:51.8194156Z,False
BTCUSDT,91190.62000000,0.02100000,2025-04-22T15:21:52.9620000Z,2025-04-22T15:21:51.8220934Z,True
BTCUSDT,91190.62000000,0.02068000,2025-04-22T15:21:52.9620000Z,2025-04-22T15:21:51.8243787Z,True
BTCUSDT,91190.62000000,0.00432000,2025-04-22T15:21:52.9620000Z,2025-04-22T15:21:51.8273271Z,True
BTCUSDT,91190.62000000,0.00155000,2025-04-22T15:21:52.9620000Z,2025-04-22T15:21:51.8308680Z,True
BTCUSDT,91190.62000000,0.00006000,2025-04-22T15:21:52.9620000Z,2025-04-22T15:21:51.8335875Z,True
BTCUSDT,91190.62000000,0.00010000,2025-04-22T15:21:52.9620000Z,2025-04-22T15:21:51.8357793Z,True
BTCUSDT,91190.62000000,0.01929000,2025-04-22T15:21:52.9620000Z,2025-04-22T15:21:51.8381927Z,True
BTCUSDT,91190.62000000,0.02100000,2025-04-22T15:21:52.9620000Z,2025-04-22T15:21:51.8407331Z,True
BTCUSDT,91190.62000000,0.01500000,2025-04-22T15:21:52.9710000Z,2025-04-22T15:21:51.8430196Z,True
BTCUSDT,91190.63000000,0.00439000,2025-04-22T15:21:52.9710000Z,2025-04-22T15:21:51.8457021Z,False
BTCUSDT,91190.62000000,0.00010000,2025-04-22T15:21:52.9920000Z,2025-04-22T15:21:51.8479396Z,True
BTCUSDT,91190.62000000,0.02090000,2025-04-22T15:21:52.9920000Z,2025-04-22T15:21:51.8502421Z,True
BTCUSDT,91190.62000000,0.02078000,2025-04-22T15:21:52.9920000Z,2025-04-22T15:21:51.8523704Z,True
BTCUSDT,91190.62000000,0.00006000,2025-04-22T15:21:52.9920000Z,2025-04-22T15:21:51.8541399Z,True
BTCUSDT,91190.62000000,0.00010000,2025-04-22T15:21:52.9920000Z,2025-04-22T15:21:51.8566402Z,True
BTCUSDT,91190.62000000,0.00006000,2025-04-22T15:21:52.9920000Z,2025-04-22T15:21:51.8592768Z,True
BTCUSDT,91190.63000000,0.01062000,2025-04-22T15:21:53.0190000Z,2025-04-22T15:21:51.8622541Z,False
BTCUSDT,91190.63000000,0.01794000,2025-04-22T15:21:53.0500000Z,2025-04-22T15:21:51.8650807Z,False
BTCUSDT,91190.63000000,0.01574000,2025-04-22T15:21:53.0800000Z,2025-04-22T15:21:51.8853484Z,False
BTCUSDT,91190.62000000,0.00030000,2025-04-22T15:21:53.0820000Z,2025-04-22T15:21:51.8880113Z,True
BTCUSDT,91190.63000000,0.01404000,2025-04-22T15:21:53.1150000Z,2025-04-22T15:21:51.9210190Z,False
BTCUSDT,91190.63000000,0.01063000,2025-04-22T15:21:53.1540000Z,2025-04-22T15:21:51.9592943Z,False
BTCUSDT,91190.63000000,0.00006000,2025-04-22T15:21:53.1780000Z,2025-04-22T15:21:51.9833841Z,False
BTCUSDT,91190.63000000,0.00039000,2025-04-22T15:21:53.2040000Z,2025-04-22T15:21:52.0095510Z,False
BTCUSDT,91190.62000000,0.00128000,2025-04-22T15:21:53.2740000Z,2025-04-22T15:21:52.0825929Z,True
BTCUSDT,91190.62000000,0.00024000,2025-04-22T15:21:53.2740000Z,2025-04-22T15:21:52.0849433Z,True
BTCUSDT,91190.62000000,0.00025000,2025-04-22T15:21:53.2740000Z,2025-04-22T15:21:52.0873372Z,True
BTCUSDT,91190.62000000,0.00458000,2025-04-22T15:21:53.2740000Z,2025-04-22T15:21:52.0897062Z,True
BTCUSDT,91190.62000000,0.02100000,2025-04-22T15:21:53.2770000Z,2025-04-22T15:21:52.0918311Z,True
BTCUSDT,91190.62000000,0.01610000,2025-04-22T15:21:53.2780000Z,2025-04-22T15:21:52.0940411Z,True
BTCUSDT,91190.62000000,0.00006000,2025-04-22T15:21:53.2780000Z,2025-04-22T15:21:52.1026340Z,True
BTCUSDT,91190.62000000,0.00010000,2025-04-22T15:21:53.2780000Z,2025-04-22T15:21:52.1058452Z,True
BTCUSDT,91190.62000000,0.00474000,2025-04-22T15:21:53.2780000Z,2025-04-22T15:21:52.1089469Z,True
BTCUSDT,91190.62000000,0.02100000,2025-04-22T15:21:53.2790000Z,2025-04-22T15:21:52.1111057Z,True
BTCUSDT,91190.62000000,0.02100000,2025-04-22T15:21:53.2790000Z,2025-04-22T15:21:52.1129528Z,True
BTCUSDT,91190.62000000,0.02100000,2025-04-22T15:21:53.2790000Z,2025-04-22T15:21:52.1155349Z,True
BTCUSDT,91190.62000000,0.02100000,2025-04-22T15:21:53.2790000Z,2025-04-22T15:21:52.1175251Z,True
BTCUSDT,91190.62000000,0.00028000,2025-04-22T15:21:53.3000000Z,2025-04-22T15:21:52.1200676Z,True
BTCUSDT,91190.63000000,0.01203000,2025-04-22T15:21:53.3190000Z,2025-04-22T15:21:52.1247730Z,False
BTCUSDT,91190.62000000,0.02500000,2025-04-22T15:21:53.3200000Z,2025-04-22T15:21:52.1271009Z,True
BTCUSDT,91190.62000000,0.00015000,2025-04-22T15:21:53.4990000Z,2025-04-22T15:21:52.3048004Z,True
BTCUSDT,91190.62000000,0.02100000,2025-04-22T15:21:53.5410000Z,2025-04-22T15:21:52.3457370Z,True
BTCUSDT,91190.62000000,0.02100000,2025-04-22T15:21:53.5410000Z,2025-04-22T15:21:52.3486598Z,True
BTCUSDT,91190.62000000,0.02100000,2025-04-22T15:21:53.6140000Z,2025-04-22T15:21:52.4195250Z,True
BTCUSDT,91190.62000000,0.02100000,2025-04-22T15:21:53.6150000Z,2025-04-22T15:21:52.4217125Z,True
BTCUSDT,91190.62000000,0.02500000,2025-04-22T15:21:53.6880000Z,2025-04-22T15:21:52.4945557Z,True
BTCUSDT,91190.63000000,0.00335000,2025-04-22T15:21:53.6910000Z,2025-04-22T15:21:52.4971597Z,False
BTCUSDT,91190.63000000,0.00032000,2025-04-22T15:21:53.6980000Z,2025-04-22T15:21:52.5037760Z,False
BTCUSDT,91190.62000000,0.00206000,2025-04-22T15:21:53.7170000Z,2025-04-22T15:21:52.5223901Z,True
BTCUSDT,91190.63000000,0.01460000,2025-04-22T15:21:53.7710000Z,2025-04-22T15:21:52.5777493Z,False
BTCUSDT,91190.63000000,0.00018000,2025-04-22T15:21:53.7820000Z,2025-04-22T15:21:52.5875310Z,False
BTCUSDT,91190.62000000,0.00016000,2025-04-22T15:21:53.8300000Z,2025-04-22T15:21:52.6342347Z,True
BTCUSDT,91190.63000000,0.00011000,2025-04-22T15:21:53.9530000Z,2025-04-22T15:21:52.7598243Z,False
BTCUSDT,91190.63000000,0.00032000,2025-04-22T15:21:54.0580000Z,2025-04-22T15:21:52.8642137Z,False
BTCUSDT,91190.62000000,0.01000000,2025-04-22T15:21:54.0780000Z,2025-04-22T15:21:52.8835685Z,True
BTCUSDT,91190.63000000,0.00395000,2025-04-22T15:21:54.1130000Z,2025-04-22T15:21:52.9179627Z,False
BTCUSDT,91190.62000000,0.02193000,2025-04-22T15:21:54.1910000Z,2025-04-22T15:21:52.9970910Z,True
BTCUSDT,91190.62000000,0.01824000,2025-04-22T15:21:54.3160000Z,2025-04-22T15:21:53.1212950Z,True
BTCUSDT,91190.62000000,0.00203000,2025-04-22T15:21:54.3250000Z,2025-04-22T15:21:53.1303104Z,True
BTCUSDT,91190.62000000,0.01500000,2025-04-22T15:21:54.3470000Z,2025-04-22T15:21:53.1512658Z,True
BTCUSDT,91190.62000000,0.02100000,2025-04-22T15:21:54.3470000Z,2025-04-22T15:21:53.1534528Z,True
BTCUSDT,91190.62000000,0.02100000,2025-04-22T15:21:54.3470000Z,2025-04-22T15:21:53.1564336Z,True
BTCUSDT,91190.62000000,0.02100000,2025-04-22T15:21:54.3490000Z,2025-04-22T15:21:53.1586558Z,True
BTCUSDT,91190.62000000,0.02100000,2025-04-22T15:21:54.3490000Z,2025-04-22T15:21:53.1609065Z,True
BTCUSDT,91190.62000000,0.02100000,2025-04-22T15:21:54.3500000Z,2025-04-22T15:21:53.1636989Z,True
BTCUSDT,91190.62000000,0.00111000,2025-04-22T15:21:54.4360000Z,2025-04-22T15:21:53.2403366Z,True
BTCUSDT,91190.63000000,0.00010000,2025-04-22T15:21:54.5210000Z,2025-04-22T15:21:53.3270373Z,False
BTCUSDT,91190.63000000,0.00272000,2025-04-22T15:21:54.5280000Z,2025-04-22T15:21:53.3338314Z,False
BTCUSDT,91190.62000000,0.17710000,2025-04-22T15:21:54.5800000Z,2025-04-22T15:21:53.3855735Z,True
BTCUSDT,91190.62000000,0.01500000,2025-04-22T15:21:54.6850000Z,2025-04-22T15:21:53.4906253Z,True
BTCUSDT,91190.62000000,0.02100000,2025-04-22T15:21:54.6850000Z,2025-04-22T15:21:53.4929950Z,True
BTCUSDT,91190.62000000,0.02100000,2025-04-22T15:21:54.6860000Z,2025-04-22T15:21:53.4951903Z,True
BTCUSDT,91190.62000000,0.02500000,2025-04-22T15:21:54.6870000Z,2025-04-22T15:21:53.4972615Z,True
BTCUSDT,91190.62000000,0.02100000,2025-04-22T15:21:54.6870000Z,2025-04-22T15:21:53.4991872Z,True
BTCUSDT,91190.62000000,0.01500000,2025-04-22T15:21:54.6870000Z,2025-04-22T15:21:53.5011551Z,True
BTCUSDT,91190.62000000,0.02100000,2025-04-22T15:21:54.6870000Z,2025-04-22T15:21:53.5030122Z,True
BTCUSDT,91190.62000000,0.00858000,2025-04-22T15:21:54.6870000Z,2025-04-22T15:21:53.5048318Z,True
BTCUSDT,91190.62000000,0.00025000,2025-04-22T15:21:54.6870000Z,2025-04-22T15:21:53.5067071Z,True
BTCUSDT,91190.62000000,0.01217000,2025-04-22T15:21:54.6870000Z,2025-04-22T15:21:53.5092392Z,True
BTCUSDT,91190.62000000,0.02100000,2025-04-22T15:21:54.6880000Z,2025-04-22T15:21:53.5111753Z,True
BTCUSDT,91190.62000000,0.00851000,2025-04-22T15:21:54.7150000Z,2025-04-22T15:21:53.5227405Z,True
BTCUSDT,91190.62000000,0.00164000,2025-04-22T15:21:54.7150000Z,2025-04-22T15:21:53.5250757Z,True
BTCUSDT,91190.62000000,0.00024000,2025-04-22T15:21:54.7150000Z,2025-04-22T15:21:53.5271114Z,True
BTCUSDT,91190.62000000,0.00024000,2025-04-22T15:21:54.7150000Z,2025-04-22T15:21:53.5291131Z,True
BTCUSDT,91190.62000000,0.00072000,2025-04-22T15:21:54.7150000Z,2025-04-22T15:21:53.5310070Z,True
BTCUSDT,91190.62000000,0.00240000,2025-04-22T15:21:54.7150000Z,2025-04-22T15:21:53.5335562Z,True
BTCUSDT,91190.62000000,0.00010000,2025-04-22T15:21:54.7150000Z,2025-04-22T15:21:53.5353990Z,True
BTCUSDT,91190.62000000,0.00010000,2025-04-22T15:21:54.7150000Z,2025-04-22T15:21:53.5373156Z,True
BTCUSDT,91190.62000000,0.00010000,2025-04-22T15:21:54.7150000Z,2025-04-22T15:21:53.5393211Z,True
BTCUSDT,91190.62000000,0.00010000,2025-04-22T15:21:54.7150000Z,2025-04-22T15:21:53.5411750Z,True
BTCUSDT,91190.62000000,0.00406000,2025-04-22T15:21:54.7150000Z,2025-04-22T15:21:53.5429761Z,True
BTCUSDT,91190.61000000,0.00022000,2025-04-22T15:21:54.7150000Z,2025-04-22T15:21:53.5447265Z,True
BTCUSDT,91190.61000000,0.00047000,2025-04-22T15:21:54.7150000Z,2025-04-22T15:21:53.5464888Z,True
BTCUSDT,91190.60000000,0.00009000,2025-04-22T15:21:54.7150000Z,2025-04-22T15:21:53.5489163Z,True
BTCUSDT,91190.59000000,0.00125000,2025-04-22T15:21:54.7150000Z,2025-04-22T15:21:53.5513441Z,True
BTCUSDT,91190.50000000,0.00216000,2025-04-22T15:21:54.7150000Z,2025-04-22T15:21:53.5535251Z,True
BTCUSDT,91190.49000000,0.00045000,2025-04-22T15:21:54.7150000Z,2025-04-22T15:21:53.5554703Z,True
BTCUSDT,91190.48000000,0.00074000,2025-04-22T15:21:54.7150000Z,2025-04-22T15:21:53.5573142Z,True
BTCUSDT,91190.48000000,0.00044000,2025-04-22T15:21:54.7150000Z,2025-04-22T15:21:53.5590623Z,True
BTCUSDT,91190.48000000,0.00020000,2025-04-22T15:21:54.7150000Z,2025-04-22T15:21:53.5608758Z,True
BTCUSDT,91190.48000000,0.00006000,2025-04-22T15:21:54.7150000Z,2025-04-22T15:21:53.5630332Z,True
BTCUSDT,91190.48000000,0.00006000,2025-04-22T15:21:54.7150000Z,2025-04-22T15:21:53.5650492Z,True
BTCUSDT,91190.48000000,0.00008000,2025-04-22T15:21:54.7150000Z,2025-04-22T15:21:53.5668779Z,True
BTCUSDT,91190.48000000,0.00007000,2025-04-22T15:21:54.7150000Z,2025-04-22T15:21:53.5690711Z,True
BTCUSDT,91190.48000000,0.00006000,2025-04-22T15:21:54.7150000Z,2025-04-22T15:21:53.5709931Z,True
BTCUSDT,91190.47000000,0.00621000,2025-04-22T15:21:54.7150000Z,2025-04-22T15:21:53.5727760Z,True
BTCUSDT,91190.47000000,0.00011000,2025-04-22T15:21:54.7150000Z,2025-04-22T15:21:53.5745051Z,True
BTCUSDT,91190.47000000,0.15967000,2025-04-22T15:21:54.7150000Z,2025-04-22T15:21:53.5762500Z,True
BTCUSDT,91190.47000000,0.00006000,2025-04-22T15:21:54.7150000Z,2025-04-22T15:21:53.5780714Z,True
BTCUSDT,91190.47000000,0.00006000,2025-04-22T15:21:54.7150000Z,2025-04-22T15:21:53.5799604Z,True
BTCUSDT,91190.47000000,0.00006000,2025-04-22T15:21:54.7150000Z,2025-04-22T15:21:53.5817049Z,True
BTCUSDT,91188.88000000,0.00007000,2025-04-22T15:21:54.7150000Z,2025-04-22T15:21:53.5839966Z,True
BTCUSDT,91188.00000000,0.00010000,2025-04-22T15:21:54.7150000Z,2025-04-22T15:21:53.5864235Z,True
BTCUSDT,91188.00000000,0.00200000,2025-04-22T15:21:54.7150000Z,2025-04-22T15:21:53.5888989Z,True
BTCUSDT,91188.00000000,0.00015000,2025-04-22T15:21:54.7150000Z,2025-04-22T15:21:53.5906797Z,True
BTCUSDT,91187.51000000,0.00009000,2025-04-22T15:21:54.7150000Z,2025-04-22T15:21:53.5925192Z,True
BTCUSDT,91187.44000000,0.00006000,2025-04-22T15:21:54.7150000Z,2025-04-22T15:21:53.5943092Z,True
BTCUSDT,91187.44000000,0.00122000,2025-04-22T15:21:54.7150000Z,2025-04-22T15:21:53.5962497Z,True
BTCUSDT,91186.06000000,0.00228000,2025-04-22T15:21:54.7150000Z,2025-04-22T15:21:53.5982519Z,True
BTCUSDT,91186.06000000,0.00025000,2025-04-22T15:21:54.7150000Z,2025-04-22T15:21:53.6004177Z,True
BTCUSDT,91185.32000000,0.00052000,2025-04-22T15:21:54.7150000Z,2025-04-22T15:21:53.6021991Z,True
BTCUSDT,91184.93000000,0.00006000,2025-04-22T15:21:54.7150000Z,2025-04-22T15:21:53.6068083Z,True
BTCUSDT,91184.78000000,0.00007000,2025-04-22T15:21:54.7150000Z,2025-04-22T15:21:53.6092192Z,True
BTCUSDT,91184.78000000,0.00006000,2025-04-22T15:21:54.7150000Z,2025-04-22T15:21:53.6111396Z,True
BTCUSDT,91184.78000000,0.00006000,2025-04-22T15:21:54.7150000Z,2025-04-22T15:21:53.6129840Z,True
BTCUSDT,91184.78000000,0.00006000,2025-04-22T15:21:54.7150000Z,2025-04-22T15:21:53.6154077Z,True
BTCUSDT,91184.77000000,0.08480000,2025-04-22T15:21:54.7150000Z,2025-04-22T15:21:53.6174646Z,True
BTCUSDT,91184.01000000,0.00033000,2025-04-22T15:21:54.7150000Z,2025-04-22T15:21:53.6195675Z,True
BTCUSDT,91184.00000000,0.00010000,2025-04-22T15:21:54.7150000Z,2025-04-22T15:21:53.6214326Z,True
BTCUSDT,91184.00000000,0.00200000,2025-04-22T15:21:54.7150000Z,2025-04-22T15:21:53.6233353Z,True
BTCUSDT,91184.00000000,0.00015000,2025-04-22T15:21:54.7150000Z,2025-04-22T15:21:53.6250662Z,True
BTCUSDT,91183.17000000,0.00073000,2025-04-22T15:21:54.7150000Z,2025-04-22T15:21:53.6269192Z,True
BTCUSDT,91182.99000000,0.00006000,2025-04-22T15:21:54.7150000Z,2025-04-22T15:21:53.6288183Z,True
BTCUSDT,91182.99000000,0.00006000,2025-04-22T15:21:54.7150000Z,2025-04-22T15:21:53.6314771Z,True
BTCUSDT,91182.99000000,0.00006000,2025-04-22T15:21:54.7150000Z,2025-04-22T15:21:53.6333519Z,True
BTCUSDT,91182.98000000,0.01100000,2025-04-22T15:21:54.7340000Z,2025-04-22T15:21:53.6352345Z,True
BTCUSDT,91182.99000000,0.00732000,2025-04-22T15:21:54.7820000Z,2025-04-22T15:21:53.6370232Z,False
BTCUSDT,91182.98000000,0.01496000,2025-04-22T15:21:54.8730000Z,2025-04-22T15:21:53.6783909Z,True
BTCUSDT,91182.99000000,0.00012000,2025-04-22T15:21:54.8860000Z,2025-04-22T15:21:53.6903026Z,False
BTCUSDT,91182.98000000,0.00753000,2025-04-22T15:21:54.9790000Z,2025-04-22T15:21:53.7845551Z,True
BTCUSDT,91182.98000000,0.02100000,2025-04-22T15:21:54.9840000Z,2025-04-22T15:21:53.7901802Z,True
BTCUSDT,91182.98000000,0.01500000,2025-04-22T15:21:54.9840000Z,2025-04-22T15:21:53.7922755Z,True
BTCUSDT,91182.98000000,0.01100000,2025-04-22T15:21:54.9840000Z,2025-04-22T15:21:53.7940252Z,True
BTCUSDT,91182.98000000,0.01100000,2025-04-22T15:21:54.9840000Z,2025-04-22T15:21:53.7957745Z,True
BTCUSDT,91182.98000000,0.01500000,2025-04-22T15:21:54.9850000Z,2025-04-22T15:21:53.7976536Z,True
BTCUSDT,91182.98000000,0.00200000,2025-04-22T15:21:54.9860000Z,2025-04-22T15:21:53.7993927Z,True
BTCUSDT,91182.98000000,0.02100000,2025-04-22T15:21:54.9860000Z,2025-04-22T15:21:53.8011409Z,True
BTCUSDT,91182.98000000,0.00200000,2025-04-22T15:21:54.9860000Z,2025-04-22T15:21:53.8030500Z,True
BTCUSDT,91182.98000000,0.02100000,2025-04-22T15:21:54.9870000Z,2025-04-22T15:21:53.8071560Z,True
BTCUSDT,91182.99000000,0.00006000,2025-04-22T15:21:55.1790000Z,2025-04-22T15:21:53.9851217Z,False
BTCUSDT,91182.99000000,0.00093000,2025-04-22T15:21:55.1790000Z,2025-04-22T15:21:53.9875283Z,False
BTCUSDT,91182.99000000,0.00983000,2025-04-22T15:21:55.2250000Z,2025-04-22T15:21:54.0313630Z,False
BTCUSDT,91182.99000000,0.00418000,2025-04-22T15:21:55.2390000Z,2025-04-22T15:21:54.0456922Z,False
BTCUSDT,91182.99000000,0.01047000,2025-04-22T15:21:55.3400000Z,2025-04-22T15:21:54.1452808Z,False
BTCUSDT,91182.99000000,0.00323000,2025-04-22T15:21:55.4310000Z,2025-04-22T15:21:54.2366191Z,False
BTCUSDT,91182.99000000,0.13674000,2025-04-22T15:21:55.4730000Z,2025-04-22T15:21:54.2786198Z,False
BTCUSDT,91182.99000000,0.00711000,2025-04-22T15:21:55.5020000Z,2025-04-22T15:21:54.3074382Z,False
BTCUSDT,91182.99000000,0.01558000,2025-04-22T15:21:55.5020000Z,2025-04-22T15:21:54.3097051Z,False
BTCUSDT,91182.98000000,0.00141000,2025-04-22T15:21:55.5260000Z,2025-04-22T15:21:54.3319361Z,True
BTCUSDT,91182.99000000,0.01721000,2025-04-22T15:21:55.5330000Z,2025-04-22T15:21:54.3373014Z,False
BTCUSDT,91182.99000000,0.00721000,2025-04-22T15:21:55.5690000Z,2025-04-22T15:21:54.3764155Z,False
BTCUSDT,91182.99000000,0.00362000,2025-04-22T15:21:55.5690000Z,2025-04-22T15:21:54.3788738Z,False
BTCUSDT,91182.99000000,0.00586000,2025-04-22T15:21:55.6120000Z,2025-04-22T15:21:54.4199527Z,False
BTCUSDT,91182.99000000,0.01052000,2025-04-22T15:21:55.6430000Z,2025-04-22T15:21:54.4474158Z,False
BTCUSDT,91182.99000000,0.00061000,2025-04-22T15:21:55.6430000Z,2025-04-22T15:21:54.4499204Z,False
BTCUSDT,91182.98000000,0.00059000,2025-04-22T15:21:55.6430000Z,2025-04-22T15:21:54.4522187Z,True
BTCUSDT,91182.99000000,0.00582000,2025-04-22T15:21:55.6790000Z,2025-04-22T15:21:54.4843973Z,False
BTCUSDT,91182.99000000,0.00611000,2025-04-22T15:21:55.7090000Z,2025-04-22T15:21:54.5143396Z,False
BTCUSDT,91182.99000000,0.00828000,2025-04-22T15:21:55.7470000Z,2025-04-22T15:21:54.5538481Z,False
BTCUSDT,91182.99000000,0.00036000,2025-04-22T15:21:55.8180000Z,2025-04-22T15:21:54.6241027Z,False
BTCUSDT,91182.99000000,0.01882000,2025-04-22T15:21:55.8380000Z,2025-04-22T15:21:54.6434761Z,False
BTCUSDT,91182.99000000,0.00279000,2025-04-22T15:21:55.8380000Z,2025-04-22T15:21:54.6460699Z,False
BTCUSDT,91182.99000000,0.01873000,2025-04-22T15:21:55.9710000Z,2025-04-22T15:21:54.7765935Z,False
BTCUSDT,91182.99000000,0.00008000,2025-04-22T15:21:56.2480000Z,2025-04-22T15:21:55.0527431Z,False
BTCUSDT,91182.98000000,0.00164000,2025-04-22T15:21:56.3530000Z,2025-04-22T15:21:55.1587397Z,True
BTCUSDT,91182.98000000,0.00025000,2025-04-22T15:21:56.3530000Z,2025-04-22T15:21:55.1609360Z,True
BTCUSDT,91182.98000000,0.00142000,2025-04-22T15:21:56.3530000Z,2025-04-22T15:21:55.1627950Z,True
BTCUSDT,91182.98000000,0.00059000,2025-04-22T15:21:56.4100000Z,2025-04-22T15:21:55.2156499Z,True
BTCUSDT,91182.98000000,0.00025000,2025-04-22T15:21:56.4100000Z,2025-04-22T15:21:55.2178577Z,True
BTCUSDT,91182.98000000,0.00025000,2025-04-22T15:21:56.4100000Z,2025-04-22T15:21:55.2207452Z,True
BTCUSDT,91182.98000000,0.00050000,2025-04-22T15:21:56.4100000Z,2025-04-22T15:21:55.2232131Z,True
BTCUSDT,91182.98000000,0.00057000,2025-04-22T15:21:56.4100000Z,2025-04-22T15:21:55.2256102Z,True
BTCUSDT,91182.98000000,0.00006000,2025-04-22T15:21:56.4100000Z,2025-04-22T15:21:55.2279065Z,True
BTCUSDT,91182.98000000,0.01278000,2025-04-22T15:21:56.4100000Z,2025-04-22T15:21:55.2304444Z,True
BTCUSDT,91182.98000000,0.02100000,2025-04-22T15:21:56.4120000Z,2025-04-22T15:21:55.2325300Z,True
BTCUSDT,91182.98000000,0.02041000,2025-04-22T15:21:56.4120000Z,2025-04-22T15:21:55.2348219Z,True
BTCUSDT,91182.98000000,0.00059000,2025-04-22T15:21:56.4120000Z,2025-04-22T15:21:55.2369454Z,True
BTCUSDT,91182.98000000,0.02100000,2025-04-22T15:21:56.4140000Z,2025-04-22T15:21:55.2390390Z,True
BTCUSDT,91182.98000000,0.02100000,2025-04-22T15:21:56.4140000Z,2025-04-22T15:21:55.2409317Z,True
BTCUSDT,91182.98000000,0.00258000,2025-04-22T15:21:56.4140000Z,2025-04-22T15:21:55.2433684Z,True
BTCUSDT,91182.98000000,0.00038000,2025-04-22T15:21:56.4140000Z,2025-04-22T15:21:55.2455079Z,True
BTCUSDT,91182.98000000,0.00038000,2025-04-22T15:21:56.4140000Z,2025-04-22T15:21:55.2472989Z,True
BTCUSDT,91182.98000000,0.00030000,2025-04-22T15:21:56.4140000Z,2025-04-22T15:21:55.2490877Z,True
BTCUSDT,91182.98000000,0.01736000,2025-04-22T15:21:56.4140000Z,2025-04-22T15:21:55.2513723Z,True
BTCUSDT,91182.98000000,0.02100000,2025-04-22T15:21:56.4150000Z,2025-04-22T15:21:55.2533613Z,True
BTCUSDT,91182.98000000,0.02500000,2025-04-22T15:21:56.4150000Z,2025-04-22T15:21:55.2551251Z,True
BTCUSDT,91182.98000000,0.02100000,2025-04-22T15:21:56.4150000Z,2025-04-22T15:21:55.2570267Z,True
BTCUSDT,91182.98000000,0.02100000,2025-04-22T15:21:56.4160000Z,2025-04-22T15:21:55.2592263Z,True
BTCUSDT,91182.98000000,0.02100000,2025-04-22T15:21:56.4160000Z,2025-04-22T15:21:55.2618542Z,True
BTCUSDT,91182.98000000,0.02500000,2025-04-22T15:21:56.4160000Z,2025-04-22T15:21:55.2637991Z,True
BTCUSDT,91182.98000000,0.02100000,2025-04-22T15:21:56.4170000Z,2025-04-22T15:21:55.2656848Z,True
BTCUSDT,91182.99000000,0.00585000,2025-04-22T15:21:56.4470000Z,2025-04-22T15:21:55.2676732Z,False
BTCUSDT,91182.98000000,0.00147000,2025-04-22T15:21:56.6380000Z,2025-04-22T15:21:55.4431892Z,True
BTCUSDT,91182.98000000,0.01500000,2025-04-22T15:21:56.8000000Z,2025-04-22T15:21:55.6054217Z,True
BTCUSDT,91182.98000000,0.00203000,2025-04-22T15:21:56.8380000Z,2025-04-22T15:21:55.6436535Z,True
BTCUSDT,91182.99000000,0.05143000,2025-04-22T15:21:57.0500000Z,2025-04-22T15:21:55.8543648Z,False
BTCUSDT,91182.99000000,0.00112000,2025-04-22T15:21:57.1450000Z,2025-04-22T15:21:55.9534771Z,False
BTCUSDT,91182.99000000,0.08577000,2025-04-22T15:21:57.1450000Z,2025-04-22T15:21:55.9556817Z,False
BTCUSDT,91182.99000000,0.02518000,2025-04-22T15:21:57.1450000Z,2025-04-22T15:21:55.9575057Z,False
BTCUSDT,91182.99000000,0.01120000,2025-04-22T15:21:57.1870000Z,2025-04-22T15:21:55.9919552Z,False
BTCUSDT,91182.99000000,0.01586000,2025-04-22T15:21:57.2180000Z,2025-04-22T15:21:56.0250125Z,False
BTCUSDT,91182.99000000,0.01081000,2025-04-22T15:21:57.2490000Z,2025-04-22T15:21:56.0546080Z,False
BTCUSDT,91182.99000000,0.01876000,2025-04-22T15:21:57.3150000Z,2025-04-22T15:21:56.1205943Z,False
BTCUSDT,91182.99000000,0.00957000,2025-04-22T15:21:57.3620000Z,2025-04-22T15:21:56.1667738Z,False
BTCUSDT,91182.99000000,0.01317000,2025-04-22T15:21:57.4020000Z,2025-04-22T15:21:56.2075373Z,False
BTCUSDT,91182.99000000,0.01903000,2025-04-22T15:21:57.4870000Z,2025-04-22T15:21:56.2923820Z,False
BTCUSDT,91182.99000000,0.02532000,2025-04-22T15:21:57.5630000Z,2025-04-22T15:21:56.3684042Z,False
BTCUSDT,91182.99000000,0.00191000,2025-04-22T15:21:57.5660000Z,2025-04-22T15:21:56.3712330Z,False
BTCUSDT,91182.99000000,0.00091000,2025-04-22T15:21:57.5660000Z,2025-04-22T15:21:56.3731656Z,False
BTCUSDT,91182.99000000,0.02018000,2025-04-22T15:21:57.5820000Z,2025-04-22T15:21:56.3865867Z,False
BTCUSDT,91182.99000000,0.00900000,2025-04-22T15:21:57.5820000Z,2025-04-22T15:21:56.3887405Z,False
BTCUSDT,91182.99000000,0.13982000,2025-04-22T15:21:57.5820000Z,2025-04-22T15:21:56.3909347Z,False
BTCUSDT,91182.99000000,0.01302000,2025-04-22T15:21:57.5970000Z,2025-04-22T15:21:56.4022867Z,False
BTCUSDT,91182.99000000,0.01063000,2025-04-22T15:21:57.6320000Z,2025-04-22T15:21:56.4373851Z,False
BTCUSDT,91182.99000000,0.00446000,2025-04-22T15:21:57.6380000Z,2025-04-22T15:21:56.4424759Z,False
BTCUSDT,91182.98000000,0.00828000,2025-04-22T15:21:57.6480000Z,2025-04-22T15:21:56.4534226Z,True
BTCUSDT,91182.99000000,0.01212000,2025-04-22T15:21:57.6870000Z,2025-04-22T15:21:56.4925502Z,False
BTCUSDT,91182.99000000,0.02686000,2025-04-22T15:21:57.7860000Z,2025-04-22T15:21:56.5906194Z,False
BTCUSDT,91182.98000000,0.00188000,2025-04-22T15:21:57.8140000Z,2025-04-22T15:21:56.6192731Z,True
BTCUSDT,91182.99000000,0.00882000,2025-04-22T15:21:57.8170000Z,2025-04-22T15:21:56.6215651Z,False
BTCUSDT,91182.99000000,0.00651000,2025-04-22T15:21:57.8230000Z,2025-04-22T15:21:56.6290939Z,False
BTCUSDT,91182.99000000,0.01066000,2025-04-22T15:21:57.8550000Z,2025-04-22T15:21:56.6611283Z,False
BTCUSDT,91182.98000000,0.01500000,2025-04-22T15:21:57.8830000Z,2025-04-22T15:21:56.6872723Z,True
BTCUSDT,91182.98000000,0.01500000,2025-04-22T15:21:57.8830000Z,2025-04-22T15:21:56.6895067Z,True
BTCUSDT,91182.98000000,0.02100000,2025-04-22T15:21:57.8830000Z,2025-04-22T15:21:56.6914159Z,True
BTCUSDT,91182.98000000,0.02100000,2025-04-22T15:21:57.8830000Z,2025-04-22T15:21:56.6934811Z,True
BTCUSDT,91182.98000000,0.01500000,2025-04-22T15:21:57.8840000Z,2025-04-22T15:21:56.6952441Z,True
BTCUSDT,91182.98000000,0.01500000,2025-04-22T15:21:57.8840000Z,2025-04-22T15:21:56.6974494Z,True
BTCUSDT,91182.98000000,0.02500000,2025-04-22T15:21:57.8850000Z,2025-04-22T15:21:56.6998783Z,True
BTCUSDT,91182.98000000,0.02100000,2025-04-22T15:21:57.8850000Z,2025-04-22T15:21:56.7024811Z,True
BTCUSDT,91182.98000000,0.02500000,2025-04-22T15:21:57.8850000Z,2025-04-22T15:21:56.7046417Z,True
BTCUSDT,91182.98000000,0.02100000,2025-04-22T15:21:57.8850000Z,2025-04-22T15:21:56.7065951Z,True
BTCUSDT,91182.98000000,0.02100000,2025-04-22T15:21:57.8850000Z,2025-04-22T15:21:56.7084083Z,True
BTCUSDT,91182.98000000,0.02100000,2025-04-22T15:21:57.8850000Z,2025-04-22T15:21:56.7107351Z,True
BTCUSDT,91182.98000000,0.02100000,2025-04-22T15:21:57.8850000Z,2025-04-22T15:21:56.7125290Z,True
BTCUSDT,91182.98000000,0.02100000,2025-04-22T15:21:57.8860000Z,2025-04-22T15:21:56.7143004Z,True
BTCUSDT,91182.98000000,0.01500000,2025-04-22T15:21:57.8860000Z,2025-04-22T15:21:56.7160538Z,True
BTCUSDT,91182.99000000,0.00061000,2025-04-22T15:21:57.8860000Z,2025-04-22T15:21:56.7179053Z,False
BTCUSDT,91182.98000000,0.02100000,2025-04-22T15:21:57.8870000Z,2025-04-22T15:21:56.7200992Z,True
BTCUSDT,91182.99000000,0.00043000,2025-04-22T15:21:57.9130000Z,2025-04-22T15:21:56.7220259Z,False
BTCUSDT,91182.99000000,0.01385000,2025-04-22T15:21:57.9320000Z,2025-04-22T15:21:56.7374928Z,False
BTCUSDT,91182.99000000,0.02990000,2025-04-22T15:21:58.0160000Z,2025-04-22T15:21:56.8213351Z,False
BTCUSDT,91182.99000000,0.01622000,2025-04-22T15:21:58.0720000Z,2025-04-22T15:21:56.8772918Z,False
BTCUSDT,91182.99000000,0.01029000,2025-04-22T15:21:58.1040000Z,2025-04-22T15:21:56.9083532Z,False
BTCUSDT,91182.99000000,0.00042000,2025-04-22T15:21:58.2700000Z,2025-04-22T15:21:57.0752924Z,False
BTCUSDT,91182.98000000,0.02100000,2025-04-22T15:21:58.3370000Z,2025-04-22T15:21:57.1426513Z,True
BTCUSDT,91182.98000000,0.02500000,2025-04-22T15:21:58.3390000Z,2025-04-22T15:21:57.1450671Z,True
BTCUSDT,91182.98000000,0.02100000,2025-04-22T15:21:58.3390000Z,2025-04-22T15:21:57.1469060Z,True
BTCUSDT,91182.98000000,0.02100000,2025-04-22T15:21:58.3390000Z,2025-04-22T15:21:57.1487556Z,True
BTCUSDT,91182.98000000,0.02100000,2025-04-22T15:21:58.3390000Z,2025-04-22T15:21:57.1508432Z,True
BTCUSDT,91182.98000000,0.02500000,2025-04-22T15:21:58.3620000Z,2025-04-22T15:21:57.1676613Z,True
BTCUSDT,91182.98000000,0.02100000,2025-04-22T15:21:58.3660000Z,2025-04-22T15:21:57.1713570Z,True
BTCUSDT,91182.98000000,0.02100000,2025-04-22T15:21:58.3660000Z,2025-04-22T15:21:57.1734371Z,True
BTCUSDT,91182.98000000,0.02100000,2025-04-22T15:21:58.3970000Z,2025-04-22T15:21:57.2011736Z,True
BTCUSDT,91182.98000000,0.02100000,2025-04-22T15:21:58.3990000Z,2025-04-22T15:21:57.2051310Z,True
BTCUSDT,91182.98000000,0.16278000,2025-04-22T15:21:58.4080000Z,2025-04-22T15:21:57.2181680Z,True
BTCUSDT,91182.98000000,0.00164000,2025-04-22T15:21:58.4080000Z,2025-04-22T15:21:57.2200724Z,True
BTCUSDT,91182.98000000,0.00025000,2025-04-22T15:21:58.4080000Z,2025-04-22T15:21:57.2221820Z,True
BTCUSDT,91182.98000000,0.00025000,2025-04-22T15:21:58.4080000Z,2025-04-22T15:21:57.2240672Z,True
BTCUSDT,91182.98000000,0.00024000,2025-04-22T15:21:58.4080000Z,2025-04-22T15:21:57.2259700Z,True
BTCUSDT,91182.98000000,0.01353000,2025-04-22T15:21:58.4080000Z,2025-04-22T15:21:57.2283404Z,True
BTCUSDT,91182.98000000,0.00007000,2025-04-22T15:21:58.4080000Z,2025-04-22T15:21:57.2302612Z,True
BTCUSDT,91182.98000000,0.00072000,2025-04-22T15:21:58.4080000Z,2025-04-22T15:21:57.2321579Z,True
BTCUSDT,91182.98000000,0.00062000,2025-04-22T15:21:58.4080000Z,2025-04-22T15:21:57.2339679Z,True
BTCUSDT,91182.98000000,0.02054000,2025-04-22T15:21:58.4080000Z,2025-04-22T15:21:57.2357349Z,True
BTCUSDT,91182.98000000,0.00009000,2025-04-22T15:21:58.4080000Z,2025-04-22T15:21:57.2379835Z,True
BTCUSDT,91182.98000000,0.00166000,2025-04-22T15:21:58.4080000Z,2025-04-22T15:21:57.2402357Z,True
BTCUSDT,91182.98000000,0.00157000,2025-04-22T15:21:58.4080000Z,2025-04-22T15:21:57.2420072Z,True
BTCUSDT,91182.98000000,0.00323000,2025-04-22T15:21:58.4080000Z,2025-04-22T15:21:57.2439376Z,True
BTCUSDT,91182.98000000,0.00010000,2025-04-22T15:21:58.4080000Z,2025-04-22T15:21:57.2457143Z,True
BTCUSDT,91182.98000000,0.00010000,2025-04-22T15:21:58.4080000Z,2025-04-22T15:21:57.2474747Z,True
BTCUSDT,91182.98000000,0.00010000,2025-04-22T15:21:58.4080000Z,2025-04-22T15:21:57.2496162Z,True
BTCUSDT,91182.98000000,0.00008000,2025-04-22T15:21:58.4080000Z,2025-04-22T15:21:57.2516393Z,True
BTCUSDT,91182.98000000,0.00006000,2025-04-22T15:21:58.4080000Z,2025-04-22T15:21:57.2535932Z,True
BTCUSDT,91182.98000000,0.00006000,2025-04-22T15:21:58.4080000Z,2025-04-22T15:21:57.2554691Z,True
BTCUSDT,91182.98000000,0.02660000,2025-04-22T15:21:58.4080000Z,2025-04-22T15:21:57.2578908Z,True
BTCUSDT,91182.98000000,0.00006000,2025-04-22T15:21:58.4080000Z,2025-04-22T15:21:57.2598063Z,True
BTCUSDT,91182.97000000,0.00038000,2025-04-22T15:21:58.4080000Z,2025-04-22T15:21:57.2615808Z,True
BTCUSDT,91182.97000000,0.00056000,2025-04-22T15:21:58.4080000Z,2025-04-22T15:21:57.2635867Z,True
BTCUSDT,91182.97000000,0.03890000,2025-04-22T15:21:58.4080000Z,2025-04-22T15:21:57.2655209Z,True
BTCUSDT,91182.96000000,0.00006000,2025-04-22T15:21:58.4080000Z,2025-04-22T15:21:57.2674436Z,True
BTCUSDT,91182.96000000,0.00006000,2025-04-22T15:21:58.4080000Z,2025-04-22T15:21:57.2692271Z,True
BTCUSDT,91182.96000000,0.00007000,2025-04-22T15:21:58.4080000Z,2025-04-22T15:21:57.2709960Z,True
BTCUSDT,91182.96000000,0.00009000,2025-04-22T15:21:58.4080000Z,2025-04-22T15:21:57.2727828Z,True
BTCUSDT,91182.96000000,0.00006000,2025-04-22T15:21:58.4080000Z,2025-04-22T15:21:57.2745349Z,True
BTCUSDT,91182.95000000,0.00006000,2025-04-22T15:21:58.4080000Z,2025-04-22T15:21:57.2762628Z,True
BTCUSDT,91182.95000000,0.15000000,2025-04-22T15:21:58.4080000Z,2025-04-22T15:21:57.2782378Z,True
BTCUSDT,91182.95000000,0.00006000,2025-04-22T15:21:58.4080000Z,2025-04-22T15:21:57.2806037Z,True
BTCUSDT,91182.95000000,0.00006000,2025-04-22T15:21:58.4080000Z,2025-04-22T15:21:57.2824730Z,True
BTCUSDT,91182.87000000,0.00201000,2025-04-22T15:21:58.4080000Z,2025-04-22T15:21:57.2841877Z,True
BTCUSDT,91182.46000000,0.00015000,2025-04-22T15:21:58.4080000Z,2025-04-22T15:21:57.2862101Z,True
BTCUSDT,91180.00000000,0.00200000,2025-04-22T15:21:58.4080000Z,2025-04-22T15:21:57.2879777Z,True
BTCUSDT,91180.00000000,0.00010000,2025-04-22T15:21:58.4080000Z,2025-04-22T15:21:57.2920280Z,True
BTCUSDT,91180.00000000,0.00162000,2025-04-22T15:21:58.4080000Z,2025-04-22T15:21:57.2938231Z,True
BTCUSDT,91180.00000000,0.00015000,2025-04-22T15:21:58.4080000Z,2025-04-22T15:21:57.2956763Z,True
BTCUSDT,91180.00000000,0.02193000,2025-04-22T15:21:58.4080000Z,2025-04-22T15:21:57.2973971Z,True
BTCUSDT,91180.00000000,0.00006000,2025-04-22T15:21:58.4080000Z,2025-04-22T15:21:57.2991245Z,True
BTCUSDT,91180.00000000,0.00006000,2025-04-22T15:21:58.4080000Z,2025-04-22T15:21:57.3008723Z,True
BTCUSDT,91180.00000000,0.00006000,2025-04-22T15:21:58.4080000Z,2025-04-22T15:21:57.3026737Z,True
BTCUSDT,91180.00000000,0.00006000,2025-04-22T15:21:58.4080000Z,2025-04-22T15:21:57.3047385Z,True
BTCUSDT,91178.42000000,0.00024000,2025-04-22T15:21:58.4080000Z,2025-04-22T15:21:57.3065178Z,True
BTCUSDT,91178.37000000,0.00009000,2025-04-22T15:21:58.4080000Z,2025-04-22T15:21:57.3082475Z,True
BTCUSDT,91178.12000000,0.02193000,2025-04-22T15:21:58.4080000Z,2025-04-22T15:21:57.3100202Z,True
BTCUSDT,91177.45000000,0.00006000,2025-04-22T15:21:58.4080000Z,2025-04-22T15:21:57.3117423Z,True
BTCUSDT,91177.44000000,0.00159000,2025-04-22T15:21:58.4080000Z,2025-04-22T15:21:57.3134572Z,True
BTCUSDT,91176.94000000,0.00268000,2025-04-22T15:21:58.4080000Z,2025-04-22T15:21:57.3156689Z,True
BTCUSDT,91176.91000000,0.00006000,2025-04-22T15:21:58.4080000Z,2025-04-22T15:21:57.3180527Z,True
BTCUSDT,91176.77000000,0.00006000,2025-04-22T15:21:58.4080000Z,2025-04-22T15:21:57.3201816Z,True
BTCUSDT,91176.77000000,0.00006000,2025-04-22T15:21:58.4080000Z,2025-04-22T15:21:57.3220948Z,True
BTCUSDT,91176.77000000,0.00006000,2025-04-22T15:21:58.4080000Z,2025-04-22T15:21:57.3238126Z,True
BTCUSDT,91176.76000000,0.00006000,2025-04-22T15:21:58.4080000Z,2025-04-22T15:21:57.3257640Z,True
BTCUSDT,91176.76000000,0.00006000,2025-04-22T15:21:58.4080000Z,2025-04-22T15:21:57.3275821Z,True
BTCUSDT,91176.76000000,0.19730000,2025-04-22T15:21:58.4080000Z,2025-04-22T15:21:57.3294375Z,True
BTCUSDT,91176.76000000,0.00006000,2025-04-22T15:21:58.4080000Z,2025-04-22T15:21:57.3312545Z,True
BTCUSDT,91176.75000000,0.65751000,2025-04-22T15:21:58.4080000Z,2025-04-22T15:21:57.3330603Z,True
BTCUSDT,91176.46000000,0.00014000,2025-04-22T15:21:58.4080000Z,2025-04-22T15:21:57.3349929Z,True
BTCUSDT,91176.00000000,0.00200000,2025-04-22T15:21:58.4080000Z,2025-04-22T15:21:57.3367413Z,True
BTCUSDT,91176.00000000,0.00010000,2025-04-22T15:21:58.4080000Z,2025-04-22T15:21:57.3386074Z,True
BTCUSDT,91176.00000000,0.00015000,2025-04-22T15:21:58.4080000Z,2025-04-22T15:21:57.3405916Z,True
BTCUSDT,91175.82000000,0.00202000,2025-04-22T15:21:58.4080000Z,2025-04-22T15:21:57.3426912Z,True
BTCUSDT,91175.81000000,0.10460000,2025-04-22T15:21:58.4080000Z,2025-04-22T15:21:57.3444665Z,True
BTCUSDT,91175.81000000,0.11348000,2025-04-22T15:21:58.4080000Z,2025-04-22T15:21:57.3462392Z,True
BTCUSDT,91175.80000000,0.09859000,2025-04-22T15:21:58.4080000Z,2025-04-22T15:21:57.3480350Z,True
BTCUSDT,91175.69000000,0.02985000,2025-04-22T15:21:58.4080000Z,2025-04-22T15:21:57.3498071Z,True
BTCUSDT,91175.48000000,0.00007000,2025-04-22T15:21:58.4080000Z,2025-04-22T15:21:57.3515649Z,True
BTCUSDT,91175.20000000,0.00049000,2025-04-22T15:21:58.4080000Z,2025-04-22T15:21:57.3533920Z,True
BTCUSDT,91174.92000000,0.00012000,2025-04-22T15:21:58.4080000Z,2025-04-22T15:21:57.3554213Z,True
BTCUSDT,91174.12000000,0.00059000,2025-04-22T15:21:58.4080000Z,2025-04-22T15:21:57.3572775Z,True
BTCUSDT,91174.12000000,0.00044000,2025-04-22T15:21:58.4080000Z,2025-04-22T15:21:57.3591952Z,True
BTCUSDT,91173.94000000,0.00318000,2025-04-22T15:21:58.4080000Z,2025-04-22T15:21:57.3612159Z,True
BTCUSDT,91173.91000000,0.17692000,2025-04-22T15:21:58.4080000Z,2025-04-22T15:21:57.3632874Z,True
BTCUSDT,91173.86000000,0.00268000,2025-04-22T15:21:58.4080000Z,2025-04-22T15:21:57.3650977Z,True
BTCUSDT,91173.82000000,0.03293000,2025-04-22T15:21:58.4080000Z,2025-04-22T15:21:57.3668473Z,True
BTCUSDT,91173.59000000,0.22543000,2025-04-22T15:21:58.4080000Z,2025-04-22T15:21:57.3686088Z,True
BTCUSDT,91173.58000000,0.22543000,2025-04-22T15:21:58.4080000Z,2025-04-22T15:21:57.3703824Z,True
BTCUSDT,91173.50000000,0.00012000,2025-04-22T15:21:58.4080000Z,2025-04-22T15:21:57.3723017Z,True
BTCUSDT,91172.39000000,0.00054000,2025-04-22T15:21:58.4080000Z,2025-04-22T15:21:57.3740377Z,True
BTCUSDT,91172.01000000,0.00055000,2025-04-22T15:21:58.4080000Z,2025-04-22T15:21:57.3761666Z,True
BTCUSDT,91172.00000000,0.00010000,2025-04-22T15:21:58.4080000Z,2025-04-22T15:21:57.3782784Z,True
BTCUSDT,91172.00000000,0.00200000,2025-04-22T15:21:58.4080000Z,2025-04-22T15:21:57.3802813Z,True
BTCUSDT,91172.00000000,0.00015000,2025-04-22T15:21:58.4080000Z,2025-04-22T15:21:57.3821275Z,True
BTCUSDT,91171.86000000,0.00012000,2025-04-22T15:21:58.4080000Z,2025-04-22T15:21:57.3841017Z,True
BTCUSDT,91171.81000000,0.00006000,2025-04-22T15:21:58.4080000Z,2025-04-22T15:21:57.3866217Z,True
BTCUSDT,91171.33000000,0.00059000,2025-04-22T15:21:58.4080000Z,2025-04-22T15:21:57.3884638Z,True
BTCUSDT,91170.56000000,0.00027000,2025-04-22T15:21:58.4080000Z,2025-04-22T15:21:57.3905684Z,True
BTCUSDT,91170.03000000,0.01598000,2025-04-22T15:21:58.4080000Z,2025-04-22T15:21:57.3925256Z,True
BTCUSDT,91169.89000000,0.22543000,2025-04-22T15:21:58.4080000Z,2025-04-22T15:21:57.3943074Z,True
BTCUSDT,91169.89000000,0.22543000,2025-04-22T15:21:58.4080000Z,2025-04-22T15:21:57.3960653Z,True
BTCUSDT,91169.53000000,0.00300000,2025-04-22T15:21:58.4080000Z,2025-04-22T15:21:57.3978544Z,True
BTCUSDT,91169.30000000,0.00267000,2025-04-22T15:21:58.4080000Z,2025-04-22T15:21:57.3996954Z,True
BTCUSDT,91169.23000000,0.00009000,2025-04-22T15:21:58.4080000Z,2025-04-22T15:21:57.4017627Z,True
BTCUSDT,91169.04000000,0.00012000,2025-04-22T15:21:58.4080000Z,2025-04-22T15:21:57.4036855Z,True
